2946 4758
161 211 205 275 24
663 207 819 264 LnELiUS
894 283 896 288 Ι

161 379 264 459 lineat,
287 385 351 439 tum
374 378 422 439 illa
442 378 582 438 nimirum
606 382 737 454 praestat
756 374 904 457 omnibus,
923 376 1003 456 quod
1022 376 1232 466 honam-*qoem
1252 399 1341 459 prae·

161 466 242 528 lucet
263 469 295 526 in
318 476 472 545 posterum
495 483 551 526 nec
573 462 722 524 debilitari
740 465 854 524 animos
873 473 924 527 aut
942 465 1048 526 cadere
1072 469 1191 544 patitur.
1224 466 1339 532 Verum

162 557 242 616 enim
274 556 401 616 amicum
432 555 483 632 qui
512 555 661 632 intuetur,
693 561 835 631 tanquam
866 553 1017 633 exemplar
1049 552 1168 633 aliquod
1201 558 1341 620 intuetur

163 646 217 704 sui.
264 643 410 715 Quocirca
433 651 464 703 et
486 641 625 702 absentes
644 649 749 702 assunt
772 651 802 702 et
826 653 948 720 egentes
968 641 1120 703 abundant
1142 653 1173 704 et
1195 645 1339 710 imbecilli

161 731 259 794 valent
282 741 320 812 et,
344 729 423 811 qnod
447 730 597 792 difficilius
621 729 703 791 dictu
727 737 788 812 cst,
811 733 923 792 mortui
945 733 1060 811 vivunt3
1083 739 1184 818 tantus
1206 752 1260 811 eos
1283 735 1336 796 ho-

160 838 225 902 nos,
247 821 406 901 memoria,
429 819 610 881 desiderium
639 821 832 901 prosequitur
860 821 1037 881 amicorum:
1065 819 1109 881 ex'
1129 839 1189 900 quo
1217 823 1338 886 illorum

161 908 245 969 beata
268 927 349 970 mors
373 908 507 988 videtur,
528 907 638 968 horum
661 910 719 969 vita
747 893 1043 988 landabilislffluod
1071 910 1097 968 si
1123 913 1272 972 exemeris
1300 933 1336 974 ex

160 1013 261 1059 rerum
291 1005 397 1058 natura
427 996 650 1057 benevolentiae
681 981 939 1078 coniunctionenl',
968 1015 1024 1057 nec
1054 995 1161 1060 domus
1191 999 1249 1061 ulla
1280 1021 1336 1063 nec

160 1085 234 1146 urbs
258 1094 337 1146 stare
361 1087 481 1165 poterit,
504 1103 541 1145 ne
565 1086 628 1164 agri
651 1083 771 1166 qnidem
795 1085 894 1146 cultus
916 1085 1173 1176 permanehitpld
1191 1090 1218 1174 si
1237 1092 1339 1152 minus

139 1173 359 1255 ·intellegitur;
383 1175 559 1252 quantavis
583 1174 728 1234 amicitiae
752 1174 989 1253 concordiaeque
1012 1175 1061 1257 sit,
1084 1194 1120 1235 ex
1144 1169 1336 1240 dissensioni·

159 1261 216 1323 bns
245 1270 333 1343 atque
363 1282 398 1323 ex
426 1262 583 1323 discordiis
611 1264 742 1342 perspici
769 1271 876 1341 potest.
923 1263 1005 1334 Quae
1033 1266 1114 1324 enim
1141 1264 1248 1325 domus
1276 1275 1336 1328 tam

161 1351 284 1432 stabilis,
308 1369 383 1430 quae
407 1361 466 1413 tam
489 1352 574 1412 firma
597 1353 701 1412 civitas
725 1359 779 1431 est,
798 1370 873 1430 quae
892 1370 953 1413 non
973 1352 1049 1413 odiis
1069 1360 1099 1413 et
1117 1353 1250 1415 discidiis
1270 1357 1338 1416 iun·

161 1439 241 1500 ditus
264 1441 359 1520 possit
382 1437 497 1501 everti?
533 1457 570 1499 ex
593 1457 663 1520 quo,
686 1448 830 1518 qnantum
854 1440 924 1500 boni
948 1442 1035 1501 sitin
1055 1443 1192 1522 amicitia,
1210 1444 1336 1505 iudicari

115 1536 267 1607 etpotcst.
312 1529 540 1608 Agrigentinum
559 1529 678 1606 quidem
702 1529 823 1589 doctum
852 1529 1001 1608 quendam
1028 1531 1124 1590 virum
1153 1533 1335 1594 carminibus

46 1605 61 1628 ⁰
162 1616 283 1677 Graecis
305 1620 496 1678 vaticinatum
520 1617 630 1697 ierunt,
654 1619 784 1696 quaein
807 1634 909 1678 rerum
938 1625 1045 1678 natura
1073 1627 1195 1698 totoque
1223 1622 1336 1683 mundo

141 1702 333 1766 'constarent
356 1724 491 1784 quaeque
514 1713 715 1786 morerentur,
740 1723 774 1766 ea
797 1706 974 1768 contrahere
998 1708 1166 1788 amicitiam,
1189 1707 1334 1788 dissipare

159 1794 346 1855 discordiam.
392 1795 489 1873 Atque
511 1793 569 1854 hoc
593 1793 714 1872 quidem
742 1813 846 1856 omnes
876 1793 1016 1855 mortales
1044 1804 1075 1857 et
1101 1795 1275 1874 intellegunt
1302 1806 1337 1858 et

160 1881 352 1962 reprobant.
398 1883 515 1964 ltaque,
543 1884 569 1942 si
599 1882 717 1961 quando
745 1883 864 1962 aliquod
892 1884 1023 1944 cilicium
1052 1886 1161 1945 exstitit
1187 1884 1272 1944 amici
1299 1887 1333 1944 in

193 2177 246 2230 iilo
262 2176 336 2231 muss
364 2177 510 2233 'edenfalls
533 2177 583 2233 aui
604 2192 717 2233 cotemn-
806 2177 1029 2232 dissensionibus.
1067 2177 1130 2232 Wie
1159 2178 1205 2233 die
1230 2194 1335 2234 summo

158 2247 258 2301 ditatos
276 2196 502 2318 nuriiclsbezogen
516 2249 641 2316 nondam
660 2249 718 2302 und
771 2248 910 2303 consensio
930 2249 965 2314 (4,
986 2252 1034 2315 153
1054 2255 1078 2316 6,
1100 2251 1145 2316 20)
1164 2248 1214 2304 das
1233 2249 1336 2306 Wesen

158 2333 232 2371 enar
251 2318 360 2373 scheini
378 2336 407 2374 es
425 2319 480 2373 mit
496 2319 652 2374 Riiclrsicht
669 2318 721 2373 aul
771 2319 821 2374 der
834 2318 1037 2373 Freundschaft
1051 2321 1206 2387 ausmacht,
1217 2320 1339 2376 soffihrt
1381 2358 1386 2370 .

159 2389 208 2443 das
241 2405 330 2458 ganne
365 2389 532 2460 Satzgeir'ige
564 2389 652 2445 allier
683 2408 718 2444 zu
772 2389 817 2444 die
846 2390 979 2444 dissemio
1012 2390 1062 2443 dar
1092 2391 1247 2447 Ansichten
1277 2393 1334 2446 und

158 2459 259 2529 hegen,
278 2460 327 2516 das
345 2461 501 2517 Pronomen
523 2462 569 2515 fiir
587 2461 643 2516 den
661 2461 718 2516 No·
772 2460 1336 2533 deschezumeiespalt(discordia),

158 2531 277 2586 minatis
305 2549 339 2586 nu
363 2534 497 2601 nehmen‚
527 2533 568 2588 als
593 2530 639 2586 fair
664 2531 719 2587 den
771 2531 830 2586 und
848 2531 1016 2586 dissensum
1030 2531 1140 2587 Bruche
1154 2535 1334 2602 (discidium).

158 2601 273 2657 Ablaiiv
286 2603 389 2670 (neben
402 2604 537 2658 welchem
556 2605 634 2658 sonst
651 2605 718 2658 nmi-
807 2618 878 2671 qace
891 2603 987 2657 aomos
1000 2621 1027 2657 u.
1038 2621 1059 2657 s.
1070 2621 1104 2658 w.
1124 2604 1189 2690 Vgl.
1200 2603 1335 2730 Evanpel.

158 2673 226 2727 cilia
245 2673 317 2728 auch
334 2673 396 2727 hier
414 2674 456 2728 als
470 2673 590 2744 Subjakt
604 2691 638 2728 zu
652 2674 718 2728 den·
773 2673 874 2728 Motth.
895 2679 942 2740 12,
966 2679 1001 2728 25
1026 2674 1105 2728 πᾶσα
1123 2680 1204 2738 stolas·
1221 2671 1240 2746 ἢ
1260 2677 1336 2730 calor

160 2743 216 2796 ken
234 2743 291 2797 und
310 2746 436 2799 omnibus
449 2745 569 2813 neutral,
584 2769 618 2790 =
632 2747 718 2800 onmi-
773 2747 941 2814 μερισθεῖσα
959 2740 1031 2798 καθ’
1052 2739 1156 2814 ἑαυτῆς
1175 2742 1209 2801 οὐ
1228 2741 1335 2816 σταθή-

158 2814 209 2868 bea
226 2815 319 2882 rebus,
338 2833 372 2869 nu
389 2817 538 2871 verstehen
556 2820 650 2885 uitro).
686 2815 720 2869 In
773 2833 860 2870 σεται.

157 2885 261 2940 beireff
272 2885 321 2942 des
331 2886 598 2957 Subjektswschsels
612 2887 653 2940 im
666 2887 718 2942 fol·
809 2891 824 2952 5
844 2891 887 2940 24.
906 2884 1127 2956 Apriqentinom.
1152 2887 1250 2944 Dieser
1267 2889 1337 2944 Phi·

158 2956 269 3026 genden
299 2957 381 3013 Scine
408 2959 545 3024 (amicitia
570 2959 720 3028 praelucet)
772 2956 874 3026 losoph
896 2972 955 3010 war
977 2957 1157 3040 Empedolcles
1180 2967 1239 3027 (nm
1263 2964 1335 3028 440).

158 3027 215 3097 vgl.
233 3030 319 3084 nntcn
339 3034 381 3096 10,
400 3033 443 3083 34.
774 3027 838 3083 Scin
868 3027 978 3094 system
1006 3046 1092 3098 greng
1118 3047 1168 3084 aus
1196 3047 1252 3084 von
1281 3032 1336 3086 deu

198 3133 271 3186 spem
297 3119 439 3187 praelucet
471 3144 504 3164 ξ
533 3117 720 3188 praelucendo
773 3098 833 3153 rior
842 3098 1008 3153 Elementsn
1017 3099 1059 3154 als
1073 3100 1127 3155 den
1137 3098 1337 3156 Grnndstoffen

158 3203 231 3255 spem
244 3190 366 3256 praebet·
774 3170 823 3224 der
846 3167 937 3238 W01c3
963 3185 1012 3224 aus
1035 3171 1121 3225 ihnen
1146 3168 1248 3224 solltan
1273 3169 1334 3224 sich

194 3277 315 3331 abgmpeg
347 3282 444 3332 mum
469 3278 662 3348 (Oxymoron)‚
690 3295 717 3332 n·
774 3240 862 3296 durch
894 3235 1010 3310 φιλότης
1040 3241 1085 3295 die
1117 3237 1335 3296 verschiedencn

158 3346 246 3401 durch
261 3345 306 3402 die
316 3347 487 3418 Ventretung
497 3347 717 3450 ihrerl'reundq.
774 3311 936 3444 {ffizffissg
946 3311 1170 3452 {lgglnllilliltiiq}
1188 3310 1336 3438 aliialii&

182 3439 296 3518 „iim
309 3435 466 3492 ‘limasti‘
486 3436 560 3490 dem
578 3431 661 3490 κοινὰ
680 3455 715 3489 ²⁰¹
773 3471 822 3507 nur
846 3453 933 3524 Folge
956 3455 1036 3510 habe.
1074 3451 1141 3508 Scin
1159 3451 1248 3508 Worlr
1271 3453 1335 3523 auspi

157 3525 214 3559 των
233 3507 331 3574 φίλων·
773 3523 823 3592 τῆς
851 3520 964 3592 φύσεως
996 3543 1054 3580 war
1084 3523 1115 3579 in
1147 3523 1332 3580 Hexcmeiern

194 3594 397 3650 benevolentiae.
435 3593 529 3649 Schon
552 3594 601 3648 das
619 3594 719 3650 Wohl-
774 3591 872 3672 (daher
890 3597 1069 3665 carminibus)
1090 3596 1278 3668 geschrieben.

157 3665 261 3720 wollen
282 3665 322 3730 im
344 3665 532 3736 allgemeinen
560 3665 645 3720 wirkt
667 3667 718 3720 Be-
808 3667 858 3721 hoc
871 3667 979 3735 quidem
994 3695 1028 3714 =
1043 3673 1149 3738 quanta
1162 3669 1253 3722 sitois
1266 3664 1330 3720 coci·

157 3735 326 3805 dentendes3
352 3737 405 3792 wie
424 3736 479 3791 viel
497 3737 578 3791 mehr
596 3737 654 3793 also
673 3737 720 3792 die
774 3737 855 3792 ritino
872 3739 1092 3810 concordiaeque.

157 3806 326 3877 cigentliche
344 3807 561 3862 Freundschait!
809 3825 899 3864 ornnes
916 3811 1050 3866 mortales.
1089 3809 1150 3864 Nur
1169 3809 1198 3863 in
1217 3807 1334 3863 Verbin-

192 3881 349 3947 qacoactaois
362 3880 500 3934 amicitiae
508 3880 553 3947 eit,
568 3897 602 3934 ex
616 3880 717 3935 disemo
773 3881 850 3950 dung
877 3879 930 3933 mit
956 3897 1047 3935 omncs
1074 3883 1107 3949 (z.
1129 3881 1158 3935 B.
1177 3896 1227 3949 pro
1255 3880 1336 3934 Rosc.

156 3949 281 4004 sionibus
293 3951 418 4020 perspici
430 3955 526 4020 potest.
556 3949 632 4020 Quos
645 3949 719 4006 enim
771 3951 834 4006 Am.
855 3957 880 4017 5,
901 3955 946 4015 113
966 3956 1009 4018 34,
1024 3955 1071 4018 953
1091 3951 1171 4005 Vera.
1186 3955 1211 4016 ὁ,
1226 3955 1269 4018 30,
1289 3955 1335 4015 76;

157 4019 253 4074 domos
280 4039 305 4074 u.
326 4039 346 4076 s.
366 4040 399 4076 w.
438 4020 523 4076 Dieso'
547 4022 661 4091 Worie,
688 4021 718 4076 in
774 4028 816 4090 09,
837 4027 900 4087 ¹⁷⁷3
927 4026 970 4089 70,
991 4026 1056 4087 1⁷93
1081 4021 1116 4074 de
1134 4021 1208 4076 dom.
1228 4025 1271 4087 23,
1290 4020 1335 4088 59)
1367 4079 1374 4086 ,

156 4087 340 4161 Verbindung
363 4093 417 4146 mit
441 4097 457 4158 5
476 4099 523 4161 24,
550 4093 645 4149 bieten
668 4111 720 4148 uns
773 4093 840 4149 odor
864 4091 917 4146 mii
938 4106 1016 4145 nemo
1040 4090 1129 4160 (Lael.
1149 4097 1180 4156 5,
1201 4091 1245 4158 18)
1268 4091 1336 4145 oder

157 4160 208 4214 das
227 4160 347 4216 Schema
361 4162 437 4218 einer
456 4162 547 4233 Olario,
565 4164 661 4219 indem
676 4163 719 4218 Οἱ-
772 4164 827 4218 mit
853 4162 934 4215 multi
957 4161 990 4228 (a.
1010 4161 1042 4216 B.
1067 4161 1154 4216 divin.
1178 4162 1209 4217 in
1233 4160 1335 4217 Ouecil.

159 4247 237 4299 cero,
265 4247 346 4286 wenn
373 4235 447 4288 auch
474 4252 535 4287 zum
562 4235 640 4290 Teile
667 4251 720 4288 nur
774 4239 798 4299 2,
814 4235 841 4300 5)
859 4230 930 4285 uird
944 4233 1072 4286 moriame
1086 4248 1142 4286 von
1157 4231 1213 4288 Cic.
1228 4232 1257 4286 in
1271 4231 1335 4285 dam

157 4300 234 4368 lure,
253 4301 304 4356 aas
319 4304 503 4370 contrariom,
521 4307 617 4371 mande,
631 4321 720 4373 pora·
773 4301 961 4368 ellgemeinen
976 4300 1060 4356 Sinne
1079 4318 1136 4356 von
1153 4303 1274 4358 domines
1287 4316 1335 4370 ge·

157 4372 295 4442 dipondio,
319 4376 395 4426 testes
422 4373 537 4442 eingeht
555 4373 718 4442 (Breitcr).
772 4370 899 4427 bracchi.

167 4658 249 4714 h
