2946 4758
503 161 507 168 ’
584 200 644 270 xv,
664 199 809 269 ae-xvr,
829 205 871 255 11.
1266 197 1308 261 41

138 374 297 453 possessio.
327 370 430 442 rerod
454 370 570 430 etiamsi
592 367 641 428 illa
664 375 815 446 maneant,
839 383 913 444 quae
938 377 1009 428 sunt
1032 368 1116 445 quasi
1139 365 1215 426 dona
1238 363 1310 424 For·

137 471 243 542 tunae,
270 468 369 522 tamen
398 461 458 520 vita
489 457 600 518 inculta
630 463 660 517 et
691 455 808 516 deserta
838 454 875 515 ab
905 457 1006 516 amicis
1034 473 1094 515 non
1122 457 1217 534 possit
1244 472 1310 515 esse

136 549 274 612 iucunda.
321 549 381 609 Sed
403 548 477 607 haec
500 546 652 606 hacteuus
1174 559 1177 562 ·

226 637 299 698 XVI.
346 634 553 698 constituendi
576 641 674 695 autem
703 640 774 696 suut
801 635 853 713 qui
880 635 940 694 sint
966 634 999 692 in
1023 633 1150 693 amicitia
1177 633 1253 692 fines
1281 640 1311 692 et
1330 634 1364 685 56

138 731 223 808 quasi
245 727 368 789 termini
391 723 538 804 diligendi.
575 723 617 783 lle
641 723 749 802 quihus
768 730 831 784 tres
849 721 934 782 video
953 723 1116 782 sententias
1134 721 1216 801 ierri,
1239 739 1310 799 qua·

136 836 205 878 rum
233 805 345 876 nullam
372 812 478 893 probo:
510 831 615 892 ernam,
646 821 681 873 ut
708 810 813 873 eodem
840 810 928 872 modo
961 827 1030 888 erga
1058 811 1185 870 amioum
1213 810 1311 870 allecti

137 908 233 966 simus
257 920 316 981 quo
340 919 408 981 erga
431 910 548 976 uosmet
570 904 666 982 ipsos3
691 900 827 981 alteram,
849 907 884 961 ut
906 906 1010 960 nostra
1032 900 1064 959 in
1087 900 1196 958 amicos
1220 896 1310 958 bane·
1409 929 1419 944 κ

137 993 267 1052 volentia
296 990 412 1052 illorum
441 1009 511 1070 erga
539 1009 594 1050 nos
622 988 844 1073 benevolentiae
872 990 984 1068 pariter
1013 987 1236 1065 aequaliterque
1264 1004 1309 1046 re-

139 1079 294 1161 spondeat3
316 1082 447 1161 tertiam,
471 1069 518 1161 ut,
547 1080 650 1158 quanti
673 1080 800 1156 quisque
830 1095 862 1137 se
884 1079 948 1156 ipse
972 1076 1073 1156 iaciat,
1103 1077 1178 1136 tanti
1200 1074 1251 1136 fiat
1273 1073 1309 1134 ab

139 1171 248 1231 amicis.
292 1167 406 1230 Harum
425 1171 517 1229 trium
542 1168 757 1227 sententiarum
776 1165 849 1227 nulli
868 1183 992 1245 prorsus
1011 1167 1166 1226 assentior.
1188 1197 1225 1208 —
1247 1163 1308 1224 Neo
1328 1167 1363 1216 5⁷

139 1260 216 1318 enim
234 1257 283 1318 illa
306 1260 402 1337 prima
425 1274 494 1316 vera
518 1264 577 1336 est,
605 1263 655 1335 ut,
677 1272 766 1334 quem
790 1254 826 1314 ad
849 1255 969 1315 modum
992 1256 1023 1315 iu
1047 1272 1079 1314 se
1103 1255 1244 1334 quisque,
1267 1255 1310 1312 sio

134 1348 166 1406 iu
196 1348 324 1407 amicum
353 1347 402 1414 sit⁴
419 1345 574 1406 animatus.
621 1343 716 1414 Quam
743 1343 836 1405 multa
863 1346 956 1422 enim,
988 1361 1063 1422 quae
1091 1351 1194 1403 nostra
1222 1359 1311 1425 causa

133 1452 288 1514 utinquam
311 1435 491 1512 laceremus,
515 1433 639 1494 iacimus
662 1450 751 1494 causa
773 1431 949 1493 amicorum!
981 1433 1099 1511 precari
1121 1431 1158 1490 ab
1181 1430 1311 1510 indigno,

134 1523 321 1602 supplicare,
343 1529 408 1582 tum
431 1520 568 1583 acerbius
590 1525 621 1583 in
644 1522 772 1601 aliquem
799 1521 899 1582 invehi
925 1522 1125 1598 insectarique
1153 1518 1310 1579 vehemen-

132 1614 211 1691 tius,
235 1613 365 1690 quaein
389 1613 501 1672 nostris
524 1610 615 1672 rebus
638 1629 698 1672 uon
722 1614 794 1671 satis
817 1610 956 1691 honeste,
983 1611 1015 1669 in
1042 1610 1207 1669 amicorum
1235 1609 1311 1668 fiunt
1359 1667 1362 1671 .

136 1700 360 1780 honestissime3
384 1690 552 1780 multaeque
575 1719 625 1761 res
649 1707 727 1774 suut,
750 1702 782 1760 in
805 1698 916 1778 quibua
934 1699 971 1759 de
991 1699 1053 1758 suis
1073 1696 1235 1785 commodis
1253 1699 1311 1768 viri

135 1788 207 1849 boni
226 1788 317 1850 multa
332 1788 492 1850 detrahunt
511 1789 686 1869 detrahique
705 1791 868 1869 patiuntur,
886 1796 921 1849 ut
939 1790 976 1849 iis
995 1789 1083 1846 amici
1100 1787 1201 1866 potius
1220 1803 1310 1864 quam

135 1877 193 1956 ipsi
216 1878 362 1939 truantur.
388 1911 428 1928 ψ-
452 1878 553 1939 Altera
576 1880 724 1939 sententia
747 1885 801 1958 est,
825 1895 900 1956 quae
924 1877 1028 1938 delinit
1042 1877 1208 1935 amicitiam
1231 1876 1309 1953 pari·
1328 1879 1363 1928 58

133 1965 191 2026 hus
223 1967 329 2026 officiis
362 1984 396 2025 ac
428 1966 637 2028 voluntatibus.
687 1966 750 2026 Hoc
783 1966 903 2044 quidem
936 1973 983 2026 est
1020 1965 1109 2023 nimis
1141 1965 1246 2041 exigue
1280 1971 1310 2023 et

134 2053 252 2113 exiliter
276 2052 312 2110 ad
336 2051 464 2113 calculos
486 2071 591 2113 vocare
615 2051 788 2135 amicitiam,
815 2060 849 2114 ut
872 2071 926 2132 par
954 2055 993 2113 sit
1016 2053 1090 2112 ratio
1119 2059 1310 2130 acceptorum

136 2149 168 2200 et
190 2139 335 2200 datorum.
382 2138 507 2200 Divitior
530 2140 602 2202 mihi
626 2151 657 2202 et
679 2141 848 2203 affluentior
871 2141 988 2202 videtur
1007 2158 1074 2200 esse
1092 2157 1162 2200 vera
1181 2142 1310 2201 amicitia

150 2380 252 2450 tQuod
284 2381 392 2435 diocesi
422 2405 455 2426 =
489 2398 583 2437 wenn
614 2382 697 2436 abar
786 2388 863 2448 55⁷·
881 2379 978 2437 ‘raostro
991 2399 1085 2437 causa.
1105 2382 1141 2437 So
1155 2381 1248 2437 haben
1262 2383 1308 2437 die

134 2452 232 2517 auch,
270 2453 303 2505 ln
330 2450 476 2506 thulicher
499 2451 592 2507 Weise
620 2455 696 2510 steht
749 2454 847 2508 besten
874 2455 968 2521 Holus,
995 2453 1075 2508 nicht
1100 2455 1189 2507 nostri
1214 2469 1307 2508 causo.

132 2523 273 2592 quadrici
297 2524 343 2578 bei
366 2521 420 2578 Cio.
440 2524 539 2578 defin.
559 2530 584 2593 4,
603 2531 628 2593 4,
649 2530 695 2578 10:
749 2523 805 2578 Der
823 2525 878 2578 den
896 2525 1052 2594 Gegensatz
1077 2521 1159 2578 hieru
1176 2523 1308 2580 bildende

136 2594 216 2677 Quod
234 2594 284 2648 etsi
301 2595 422 2665 inqereiis
444 2597 553 2666 moqua'e
570 2597 696 2666 praediti
750 2596 869 2650 Genetiv
883 2597 1033 2650 amicorroa
1042 2596 1138 2650 mucht
1146 2595 1229 2650 keine
1239 2594 1308 2649 Ver·

26 2719 30 2727 ,
132 2667 246 2734 quidam
264 2667 373 2720 dicendi
391 2669 498 2734 copiam
515 2669 574 2722 cirre
587 2669 695 2722 ratione
749 2662 1308 2736 tuderungdesnostroerforderliohigl.

133 2742 348 2804 corcreqoamtur,
379 2753 426 2790 arr
452 2741 543 2792 tuanen
570 2745 609 2792 cst
635 2739 694 2793 duc
748 2738 804 2793 Cic
819 2738 900 2808 epist.
911 2738 1308 2810 [fem.]5‚21,2quioaom,

133 2807 232 2860 certior
258 2823 341 2875 quom
371 2811 483 2862 notura.
530 2809 593 2878 Vgl.
623 2810 695 2864 auch
749 2812 798 2879 qui
810 2810 887 2863 uehit
900 2826 1022 2878 utiquam
1035 2826 1095 2863 meo
1109 2813 1212 2878 potiare,
1226 2826 1309 2878 quom

133 2878 209 2932 Loel.
230 2883 273 2945 20,
294 2883 327 2931 ta
352 2878 479 2948 Quodsi
502 2880 583 2932 etiam
604 2883 695 2948 possis
748 2897 868 2934 meorum
881 2881 982 2934 civim
995 2896 1081 2935 coeco
1093 2881 1216 2946 fecerim
1231 2879 1307 2936 Verr.

132 2967 159 3004 u.
180 2967 200 3003 1.
221 2967 254 3004 w.
750 2956 779 3020 o,
798 2955 845 3020 68,
870 2957 921 3005 113
947 2956 1037 3005 omtro
1063 2953 1155 3021 reique
1178 2950 1309 3018 publicae

168 3025 246 3084 556.
265 3020 460 3089 fimoqucsi
472 3021 590 3077 termini.
609 3021 695 3076 Fiut's
748 3038 841 3077 causo.
879 3022 1065 3090 (AuchVerr.
1085 3026 1182 3089 3,62,
1202 3027 1251 3074 121
1271 3021 1310 3074 ist

126 3090 295 3150 .bezeiohnet
318 3092 383 3162 jede
412 3091 551 3146 iektischa
579 3091 703 3161 (trente,
747 3109 800 3148 suo
823 3109 965 3148 causatu
988 3092 1147 3161 schreiben‚
1171 3092 1242 3146 siuti
1263 3094 1309 3146 eui

133 3178 200 3232 mag
223 3163 263 3217 eie
287 3163 359 3218 auch
377 3163 548 3218 willkiirlioh
570 3178 695 3233 gezogen
748 3165 853 3232 cauea.)
876 3195 909 3204 —
933 3161 986 3218 Die
1011 3179 1049 3216 en
1073 3163 1133 3217 sich
1160 3162 1307 3232 euffttllige

133 3233 205 3300 sein3
219 3233 493 3304 terminosdagegen
508 3233 693 3303 einaGrenze,
747 3234 953 3304 Wortstellung
981 3249 1068 3288 causo
1094 3235 1243 3289 amicorum
1270 3233 1308 3289 ist

134 3302 179 3382 elio
196 3304 237 3358 im
254 3304 358 3360 Wesen
375 3306 425 3359 der
448 3303 537 3360 Socho
563 3304 625 3359 ihre
645 3305 693 3360 ob·
748 3305 860 3374 gewihl
899 3323 948 3358 um
966 3305 1021 3360 deu
1035 3303 1180 3360 Ohiesmus
1200 3324 1233 3360 zu
1246 3323 1307 3361 ver-

132 3372 240 3440 Jektive
253 3373 443 3446 Bagrundung
460 3377 519 3432 hei.
556 3375 620 3446 Vgl.
637 3377 693 3433 Cic.
747 3377 871 3430 rollstuu
892 3375 899 3389 ‘
921 3392 969 3444 eu,
1002 3376 1050 3430 der
1085 3376 1222 3432 zwisohen
1253 3378 1308 3432 den

134 3442 169 3525 de
184 3458 222 3498 or.
234 3449 259 3512 1,
268 3448 311 3511 49,
320 3451 374 3500 214
393 3449 510 3503 Croesus
522 3449 591 3502 mitti
603 3453 694 3504 noster
748 3447 881 3502 Gliedern
895 3448 944 3502 des
954 3447 1206 3517 Hauptsatzesund
1216 3449 1307 3504 denen

132 3528 209 3596 creua
236 3519 275 3568 oet
301 3519 418 3572 oraturis
446 3519 606 3586 facultatem
636 3536 694 3574 cort
747 3520 796 3574 des
813 3519 1002 3574 Nebenoa‘tces
1021 3520 1194 3574 hervoririti

132 3585 210 3638 iilius
232 3585 302 3640 artie
319 3588 451 3654 terminia,
464 3591 512 3644 oei
525 3591 631 3660 iuqeuii
647 3593 693 3646 arei
782 3595 858 3656 558.
877 3592 1025 3657 sententio,
1043 3607 1112 3660 quoe
1135 3591 1238 3658 deficit.
1275 3591 1308 3642 Im

131 3657 235 3741 finibus
253 3657 390 3740 immersio
404 3675 493 3727 poene
511 3662 667 3718 deecnbem.
746 3660 849 3717 betreff
871 3661 962 3717 dieser
980 3661 1149 3730 Metonymie
1172 3661 1228 3729 vgl.
1249 3658 1306 3716 Cio.

167 3729 303 3799 cioquertdi
320 3731 359 3783 ast
376 3729 455 3783 nicht
471 3731 554 3787 Nom.
573 3733 649 3788 Plur.
692 3767 694 3776 ,
746 3732 782 3786 de
805 3749 861 3788 sen.
887 3738 934 3801 10,
959 3739 992 3787 32
1016 3749 1158 3801 coaequum
1182 3748 1242 3785 aum
1264 3747 1308 3786 oe-

164 3801 274 3870 poriter
292 3801 500 3870 aequaliterque.
538 3803 564 3857 S.
580 3821 614 3858 ru
628 3809 643 3869 ς
658 3809 691 3858 32
745 3819 840 3888 seraque
852 3804 1087 3886 prouerbio,qood
1100 3808 1188 3857 mouet
1201 3805 1307 3856 mature

129 3873 433 4027 parysatitpgssfflqlu
447 3943 572 4014 gleicher
585 3944 692 4000 Bedeu-
718 3875 812 4000 settiimcit
824 3875 1307 4013 asogrnetrfflqvssae4‚cgwrewqoezq

131 4012 212 4092 tung,
230 4029 284 4068 wie
301 4033 332 4069 m
349 4015 548 4084 umgelrehrter
563 4016 693 4086 Stelluug
746 4017 836 4070 dendo
854 4018 933 4071 bono.

131 4082 188 4136 Cro.
203 4080 291 4140 deor.
306 4092 331 4150 2,
347 4092 389 4153 14,
404 4093 437 4156 qt
456 4088 566 4142 uerbum
575 4102 712 4156 mortam.
777 4088 897 4156 poribus
910 4087 1019 4154 officiis.
1038 4085 1094 4140 Der
1108 4086 1162 4140 den
1173 4085 1241 4141 Sinn
1255 4085 1305 4141 des

131 4154 378 4234 mellumiuteileqo.
405 4156 529 4212 Ahnlich
543 4175 599 4212 riou
611 4174 692 4227 pror·
748 4156 844 4212 Saites
868 4157 1090 4212 beherrschende
1108 4157 1308 4235 Hauptbegriff

131 4240 179 4278 aue
193 4223 260 4305 (Orc.
275 4224 372 4282 defin.
387 4231 412 4295 2,
426 4235 451 4294 5,
468 4232 511 4291 17)
526 4253 560 4275 ==
574 4245 692 4298 prorsus
745 4227 1087 4298 liegtindemAdjektive.
1098 4227 1305 4285 ImDeutschen

131 4311 188 4350 uon
206 4294 273 4364 (C1c.
289 4295 370 4350 Tusa.
384 4302 410 4364 4,
424 4304 449 4365 4,
465 4303 500 4367 8).
539 4298 603 4369 Vgl.
619 4301 691 4356 auch
745 4300 785 4355 ist
802 4299 929 4354 daeselbe
948 4317 981 4353 zu
1000 4300 1244 4357 substantiviereu.

132 4371 339 4436 4169111111
358 4369 511 4424 adurcium.
780 4371 913 4426 Divitior.
947 4371 1044 4426 Cicero
1063 4372 1236 4442 komperieri
1253 4368 1303 4424 das
