2946 4758
150 204 192 267 12
653 200 810 257 erueres

139 372 198 442 itur
220 369 330 431 habere
353 372 512 449 gravitatis.
549 369 652 447 ltaque
675 369 739 446 ipse
762 385 827 428 mea
846 366 948 446 legens
968 370 1011 430 sio
1029 371 1142 431 afficior
1160 374 1322 457 interdum,

85 515 89 522 .
121 465 183 522 tut
202 457 352 539 Catonem,
372 477 433 519 non
452 477 509 540 me,
527 457 610 536 loqui
628 457 803 517 existimem.
840 454 898 516 Sed
918 464 951 517 ut
970 465 1033 519 tum
1052 458 1088 518 ad
1107 478 1210 522 senem
1230 480 1321 524 senex

149 547 186 607 de
210 555 374 628 senectute,
397 549 440 607 sic
464 547 520 607 hoc
543 545 619 606 libro
642 544 681 606 ad
706 547 833 605 amicum
852 547 1049 608 amicissimus
1068 550 1175 629 scripsi
1193 549 1230 611 de
1250 555 1320 612 ami·

149 613 349 785 citiaysffiium
373 643 419 696 est
441 635 512 696 Cato
535 635 667 714 locutus,
691 651 750 712 quo
774 641 838 693 eret
860 652 948 694 nemo
972 635 1034 695 iere
1058 639 1158 697 senior
1180 643 1345 719 tempori.

148 724 205 785 bus
280 771 290 805 ‚
313 742 401 784 nemo
418 723 608 804 prudentior:
632 740 712 806 nunc
731 720 848 783 Laelius
868 730 898 783 et
916 725 1034 802 sapiens
1055 757 1094 768 —
1115 729 1159 787 sic
1177 730 1255 789 euim
1276 739 1322 791 est

149 812 267 874 habitus
291 846 335 854 -
359 820 389 873 ct
411 813 557 872 amicitiae
581 809 672 890 gloria
697 810 845 870 excellens
869 811 904 871 de
930 813 1058 873 amicitia
1080 811 1230 893 loquetur.
1274 817 1320 879 Tu

146 901 235 961 velim
258 919 274 962 a
297 919 344 962 me
368 903 498 961 animum
521 917 682 979 parumper
706 894 985 979 avertas,'Laelium
1007 899 1089 980 loqui
1107 906 1205 983 ipsum
1224 913 1321 985 putes.

148 988 178 1050 C.
198 989 328 1051 Fannius
352 998 382 1050 et
401 989 435 1061 Q.
455 989 570 1050 Mucius
591 988 627 1048 ad
647 1005 785 1048 socerum
803 991 927 1049 veniunt
945 1000 1013 1068 post
1032 997 1157 1052 mortem
1178 993 1321 1057 Africani:

147 1077 183 1138 ab
206 1078 253 1139 his
277 1096 375 1139 sermo
394 1079 499 1159 oritur,
523 1077 683 1157 respondet
702 1075 828 1157 Laelius,
852 1079 937 1138 cuius
958 1085 1020 1138 tota
1039 1078 1199 1159 disputatio
1218 1091 1265 1144 est
1284 1084 1320 1144 de

107 1165 110 1170 ’
148 1169 284 1247 amicitia,
309 1184 397 1244 quam
420 1165 521 1245 legens
545 1174 574 1226 te
598 1168 661 1245 ipse
686 1183 857 1244 cognosces.

119 1267 137 1319 d
235 1254 270 1314 ΙΙ.
294 1253 446 1316 Fnuruus.
483 1254 560 1315 Sunt
582 1256 648 1334 ista,
670 1253 763 1334 Laeli;
787 1273 843 1314 neo
867 1257 945 1316 enim
970 1255 1073 1316 melior
1097 1260 1141 1318 vir
1164 1260 1221 1320 init
1242 1261 1320 1322 Airi-

147 1361 220 1403 cano
249 1345 406 1422 quisquam
434 1361 489 1404 nec
513 1343 629 1404 clarior.
672 1341 730 1403 Sed
754 1345 923 1404 existimare
947 1343 1038 1404 debes
1062 1349 1195 1408 omnium
1217 1349 1320 1410 oculos

146 1433 177 1492 in
201 1439 230 1492 te
255 1450 320 1492 esse
345 1435 496 1493 coniectos
515 1450 631 1513 unum3⁴
645 1440 675 1492 te
694 1433 859 1511 sapientem
879 1439 908 1492 et
927 1433 1075 1512 appellant
1093 1442 1124 1496 et
1142 1439 1319 1500 existimant.

126 1509 136 1614 J
146 1518 347 1581 Tribuebatur
375 1521 431 1581 hoc
459 1520 547 1581 modo
571 1521 608 1580 M.
632 1519 749 1601 Catoni,
777 1521 889 1581 scimus
911 1519 944 1581 L.
966 1521 1093 1584 Acilium
1119 1525 1196 1604 apud
1220 1535 1320 1605 patres

146 1616 265 1669 nostros
289 1608 468 1689 appeliatum
491 1627 557 1670 esse
576 1611 754 1690 sapientem3
778 1608 830 1669 sed
850 1616 977 1688 uterque
996 1609 1053 1671 alio
1073 1613 1201 1692 quodam
1219 1615 1337 1708 modoes

145 1795 282 1852 Minoem
304 1795 354 1851 der
377 1795 519 1852 Vorzeii.“
555 1797 618 1867 Vgl.
643 1796 703 1853 uae.
758 1797 861 1863 (leorae)
880 1811 908 1850 ee
925 1797 984 1866 ipse
1001 1798 1109 1870 direpta
1127 1800 1186 1856 uae.
1201 1819 1238 1855 m.
1257 1809 1283 1871 2,
1302 1809 1319 1857 4

145 1884 181 1922 m.
203 1872 245 1936 19,
264 1871 299 1921 70
312 1869 467 1936 praeterito
483 1869 562 1923 omni
577 1871 705 1937 tempores
758 1867 853 1922 omnio
871 1868 943 1921 bono
961 1885 980 1923 o
996 1885 1025 1924 ee
1041 1872 1098 1940 apsi
1109 1877 1217 1940 petunt.

144 1939 282 1993 suauitate
306 1939 388 2005 (nach
411 1937 530 1993 Verlcuf
550 1939 599 1994 der
617 1939 704 1994 lieb-
794 1942 853 2003 §o
886 1937 1033 1995 stratico
1050 1938 1119 2009 (ἔστι
1137 1943 1237 2012 ταῦτα)
1256 1959 1319 1999 ver-

144 2008 262 2063 lichen
279 2007 504 2078 Frdhiingezeii).
759 2009 831 2062 satzi
855 2025 907 2062 uns
931 2025 1142 2082 ungezwungen
1165 2014 1267 2069 mitten
1288 2015 1319 2070 in

181 2100 241 2161 55·
275 2098 313 2150 ad
329 2113 425 2152 gemm·
453 2097 565 2154 Asticus
584 2117 643 2154 W
655 2099 705 2154 da,
758 2078 805 2134 die
832 2078 1040 2163 Unierhaliung
1071 2083 1181 2153 hinem,
1212 2085 1255 2140 elo
1282 2087 1320 2142 ob

144 2168 216 2222 mals
235 2172 270 2221 do
287 2167 372 2221 ΜΝ
391 2168 440 2223 alt,
541 2183 547 2192 ·
759 2150 862 2204 vorher
893 2150 984 2205 deuon
1011 2152 1057 2206 dre
1084 2154 1162 2210 Rode
1190 2173 1320 2226 genesen

181 2255 370 2310 amicissimus·
420 2255 559 2311 Amicus
591 2257 630 2312 ist
661 2278 705 2312 ΖΠ·
758 2224 848 2284 wire,
867 2217 929 2273 dass
949 2219 1057 2289 Scipion
1075 2223 1137 2278 Tod
1155 2226 1200 2280 ein
1218 2223 1321 2284 hd'chst

145 2324 244 2381 naohst
274 2325 305 2379 in
337 2325 462 2380 akffivem
491 2326 576 2382 Simo
604 2329 629 2382 is
656 2330 706 2399 qm.
758 2289 1013 2358 bekiegenoweries
1031 2291 1160 2362 Ereignis
1180 2296 1234 2364 sei,
1252 2299 1321 2352 wel·
1449 2321 1471 2358 -t

144 2401 234 2462 aman
263 2396 351 2451 daher
377 2398 441 2466 sagon
466 2397 521 2454 050·
550 2398 639 2454 nicht:
668 2401 706 2455 ad
759 2361 825 2414 cher
844 2358 874 2412 iu
888 2375 1010 2430 engeren
1023 2360 1081 2414 und
1095 2364 1226 2419 weiteren
1240 2367 1320 2422 Krei-

759 2446 808 2518 sep
849 2430 942 2500 grosse
977 2430 1127 2487 Beiriibnio
1171 2438 1318 2492 erwecken

758 2517 860 2556 musae.

179 2556 705 2638 {ediorhfftflpfflifillffledfluiilflss(=iss
794 2571 967 2626 reportatur
996 2575 1059 2640 hoc,
1090 2594 1117 2629 n.
1145 2581 1177 2630 ut
1208 2579 1319 2648 sopiens

143 2628 703 2696 we1tervorgeschnttenersecectue);—
757 2643 950 2712 mummio,

144 2697 273 2779 dsssseiien
299 2697 389 2752 ”W
413 2697 584 2779 pilgemeine
610 2698 656 2766 (=
670 2699 704 2769 ,in
792 2713 879 2768 modo.
910 2713 1054 2771 Releiiver
1067 2719 1227 2774 Ausdruck:
1248 2718 1325 2777 Caio·

143 2768 515 2838 W01W1V0180⁸0hflii01101
533 2770 628 2836 mii)-
758 2786 790 2850 (s.
814 2802 847 2838 zu
871 2789 886 2850 ς
909 2786 937 2854 4)
965 2803 1023 2842 wer
1051 2788 1204 2860 ellerdinge
1232 2791 1318 2847 sehon

178 2858 219 2912 sie
236 2861 275 2912 est
291 2857 410 2912 habitus.
438 2858 495 2912 Des
512 2857 587 2926 folgt
617 2859 704 2913 echon
758 2861 793 2910 20
815 2853 900 2910 Jahre
923 2857 979 2923 iot3
1003 2859 1071 2915 aber
1093 2861 1214 2916 Fannius
1238 2862 1318 2919 heite

144 2944 194 2983 eus
217 2928 323 2984 seinem
341 2944 493 2998 eopnoroen.
513 2958 547 2969 -
566 2915 705 3000 Ubrigeno
758 2925 808 2980 ihn
827 2927 900 2982 doch
918 2929 990 2983 noch
1006 2931 1165 2999 persdnlich
1183 2932 1317 3002 gakannt

144 3000 329 3070 enisprechen
352 2999 398 3054 die
420 2999 642 3070 Eigenocheften
660 3017 704 3056 so·
794 2997 925 3053 Aedium.
954 2999 992 3053 Er
1005 3018 1063 3055 war
1077 3003 1317 3060 einitliererZeit·

140 3071 296 3196 eantur
314 3071 704 3198 conternans
757 3068 1176 3209 uadem
1189 3073 1396 3199 inerter

141 3213 206 3266 nior
224 3213 281 3266 und
293 3215 465 3282 prudentior.
492 3159 651 3338 {Brieger
663 3215 703 3268 im
757 3209 825 3279 (Cic.
845 3211 880 3266 de
898 3211 954 3279 leg.
973 3217 997 3278 2,
1017 3217 1060 3279 23,
1080 3215 1134 3280 59).
1284 3163 1310 3245 n·

142 3283 472 3352 PosenerProgr.1873
512 3283 633 3339 ,ewill
651 3285 704 3339 mii
788 3287 884 3350 panea
897 3283 1317 3356 oostroe=dieGeneraiionen

142 3352 298 3408 Riicksichi
328 3353 379 3407 eui
403 3354 613 3410 Parellalismuo
645 3357 703 3410 und
756 3351 1317 3423 vonVatarunaarossvcterpo11‚ae

143 3423 311 3494 symmetria
334 3424 379 3478 die
402 3425 500 3479 Worte
523 3427 556 3480 de
578 3427 704 3482 amicitia
757 3424 1093 3493 opotreirosoocepimus).
1112 3425 1193 3480 Noch
1205 3426 1317 3483 frdhere

142 3495 301 3565 gestrichan
321 3495 445 3565 sehen.]·
757 3493 964 3549 Generaiionen
983 3494 1090 3551 heiisen
1107 3499 1231 3553 maiores.
1251 3498 1316 3568 Vgl.

178 3567 309 3635 loquetur,
319 3565 345 3620 d.
356 3565 383 3620 h.
393 3566 703 3634 audireeumoidebere
758 3563 813 3621 cic.
837 3565 872 3619 de
896 3580 944 3620 or.·
961 3571 988 3633 1,
1005 3569 1047 3636 e,
1071 3575 1087 3624 8
1109 3571 1192 3624 multi
1213 3575 1317 3634 uestro,

141 3653 203 3693 eum
219 3638 301 3721 leym
320 3636 412 3720 daher·
421 3635 482 3692 hier
497 3637 547 3690 des
556 3636 701 3720 daturum.
751 3637 849 3719 piures
857 3641 1315 3722 potrumlmemorioetoueetiom

141 3707 703 3861 uf?iigirississitipffliiiiii
755 3713 1123 3850 mtttmtti'ttttt
1144 3783 1223 3838 tta
1247 3784 1316 3852 (012.

142 3849 306 3906 Gabreuche
329 3866 385 3905 von
407 3851 466 3918 ipse
488 3850 590 3915 demit,
620 3850 702 3905 einen
755 3854 837 3918 atque
854 3855 899 3917 tu,
917 3851 1007 3918 Laeli,
1024 3854 1135 3920 sopiens
1152 3867 1206 3906 esse
1223 3854 1317 3908 existi·
1348 3859 1359 3880 ⁴

141 3921 361 3977 siattfindenden
379 3920 545 3991 (regensem,
564 3921 637 3975 ohne
656 3920 702 3976 die
755 3920 908 3989 medatem:
936 3922 1011 3975 donn
1036 3939 1066 3975 es
1092 3937 1151 3974 wer
1175 3939 1230 3976 nur
1254 3924 1317 3980 eine

141 3991 273 4058 sperielle
290 3991 451 4062 Beziehung
469 3993 517 4047 des
535 3991 605 4046 betr.
620 3991 702 4047 Wor-
756 3990 876 4061 gemisse
897 3991 1065 4060 populere
1087 3991 1240 4060 wei-neit,
1270 3995 1317 4051 de-

140 4063 184 4115 tes
203 4079 250 4116 eur
265 4062 389 4133 Geliung
402 4062 577 4133 zahringen,
596 4062 636 4117 im
651 4063 702 4119 all-
756 4077 806 4115 ren
823 4061 882 4114 nur
897 4061 957 4115 sich
971 4061 1046 4130 jone,
1066 4063 1180 4117 ehnlich
1198 4063 1253 4118 wie
1270 4065 1317 4120 die

140 4131 288 4201 gemeinen
302 4148 347 4187 am
363 4134 530 4205 Subjekie
544 4134 594 4188 des
607 4133 702 4190 Scires
755 4132 916 4186 bekannten
936 4137 951 4186 7
967 4131 1082 4187 Weisen
1102 4134 1128 4203 (ξ
1148 4141 1178 4202 73
1198 4140 1241 4204 16,
1260 4140 1314 4203 te),

141 4219 175 4256 zu
197 4203 364 4258 markieren.
403 4203 439 4260 So
462 4211 510 4274 21,
534 4209 569 4260 80
591 4221 648 4260 non
670 4209 703 4260 ut
755 4201 845 4256 durch
869 4200 931 4256 ihre
949 4202 1112 4270 prekiische
1131 4205 1316 4277 Techtigtreit
1342 4225 1350 4232 ’

141 4273 265 4344 aliquane
282 4291 300 4328 o
318 4290 345 4330 se
364 4275 423 4343 epse
435 4276 580 4331 mercedem
593 4277 701 4344 cuipam·
755 4271 899 4326 erworben
921 4272 1029 4330 hatten.
1050 4305 1083 4316 -
1102 4264 1178 4332 Uber
1198 4277 1275 4334 modo
1294 4295 1314 4332 s.

141 4347 204 4408 §81
224 4345 349 4413 (bestiae)
368 4360 396 4399 ee
413 4345 491 4414 ipsae
507 4345 630 4414 diliytuet
647 4387 654 4401 .
671 4383 699 4400 .-
754 4359 788 4394 211
806 4345 821 4406 t
841 4347 866 4399 i.

145 2469 341 2524 amicissimum
360 2469 473 2525 amicus.

164 4654 245 4728 h
