2946 4758
647 223 699 294 nv,
720 225 827 291 ιι-ι,
847 232 888 281 ιι.
1292 225 1333 290 21

159 401 238 454 tasse
270 410 353 472 vere,
391 391 443 452 seri
475 391 512 451 ad
545 408 733 451 communem
766 387 925 450 utilitatem
957 408 1075 473 parum;
1114 400 1223 472 negant
1255 394 1335 454 enim

160 498 337 560 quemquam
366 497 433 540 esse
462 483 559 540 virum
590 477 701 539 bonum
729 480 788 538 nisi
816 479 988 556 sapientem.
1036 477 1082 541 Sit
1104 483 1145 542 its
1169 499 1254 544 sane:
1282 481 1335 542 sed

160 589 225 632 eam
247 570 424 649 sapientiam
446 570 691 647 interpretantur,
715 583 804 644 quam
826 564 923 626 adhuc
941 567 1074 628 mortalis
1093 587 1180 630 nemo
1200 579 1246 631 est
1265 589 1335 632 con-

159 667 294 740 secutus;
318 675 373 717 nos
392 662 492 717 autem
512 673 554 736 ea,
578 672 653 733 qnae
673 663 744 715 sunt
764 657 795 714 in
814 672 873 715 usu
891 656 1010 733 vitaque
1030 660 1188 739 communi,
1211 677 1272 720 nan
1292 677 1335 741 ea,

159 765 235 827 quae
265 749 420 824 linguntur
450 752 501 804 aut
530 750 686 822 optantur,
721 751 857 823 spectare
887 741 1077 838 debemus]
1092 743 1250 824 Nunquam
1280 766 1334 827 ego

159 837 256 897 dicam
280 834 311 895 C.
335 831 514 913 Fabricium,
537 831 583 892 Μ’.
608 831 740 913 Curium,
764 831 807 893 Ti.
831 831 1072 912 Coruncanium?
1088 850 1162 911 quos
1187 835 1335 914 sapientes

158 926 256 985 nostri
292 923 419 982 maiores
449 918 631 1001 iudicabant,
665 921 701 982 ad
730 924 858 982 istorum
889 939 1023 982 normam
1053 922 1147 981 luisse
1177 925 1335 1000 sapientes.

161 1015 225 1085 Qua
251 1030 284 1072 re
308 1009 364 1071 sibi
386 1009 515 1070 habeant
537 1011 700 1089 sapientiae
722 1027 832 1069 nomen
856 1017 887 1070 et
908 1010 1088 1071 Invidiosum
1111 1017 1142 1070 et
1164 1009 1353 1094 obscurumt

161 1100 324 1163 concedant
351 1106 384 1160 ut
411 1101 467 1159 riri
495 1097 566 1159 boni
593 1098 714 1166 luerint.
760 1097 803 1158 Ne
830 1097 860 1159 id
891 1098 1011 1177 quidem
1034 1099 1157 1178 faciant3
1171 1098 1336 1177 ‚negabunt

159 1191 190 1251 id
219 1191 276 1250 nisi
304 1189 431 1268 sapienti
457 1205 547 1266 posse
576 1186 707 1247 concedi.
759 1187 888 1266 rigamus
914 1189 1005 1266 igitur
1033 1189 1151 1266 pingui,
1181 1195 1216 1248 ut
1243 1189 1335 1269 aiunt,
1346 1198 1380 1246 19

157 1279 297 1340 Minerva.
344 1276 402 1346 Qui
425 1278 466 1336 ita
490 1293 523 1336 se
546 1284 667 1355 gerunt,
696 1276 736 1336 ita
760 1278 875 1356 vivunt,
899 1286 932 1336 ut
956 1293 1059 1336 eorum
1083 1274 1229 1354 probetur
1251 1275 1335 1358 fides,

158 1368 323 1446 integritas,
347 1367 490 1445 aequitas,
512 1362 683 1444 liberalitas,
706 1381 762 1424 nec
786 1366 877 1424 sitin
901 1367 945 1425 eis
969 1365 1028 1426 ulla
1055 1364 1211 1445 cupiditas,
1234 1364 1336 1446 libido,

157 1455 288 1536 audacia,
312 1456 432 1532 sintque
457 1471 560 1532 magna
584 1453 759 1535 constantia,
782 1461 817 1514 ut
839 1454 861 1513 ii
882 1454 1015 1533 luerunt,
1037 1453 1125 1514 modo
1145 1471 1221 1533 qnos
1240 1456 1335 1515 nomi·

158 1546 241 1656 navi,
260 1543 316 1602 hos
340 1543 419 1602 viros
443 1542 552 1616 bonas,
576 1550 611 1602 ut
632 1541 726 1603 habiti
750 1550 833 1615 sunt,
856 1545 900 1603 sic
924 1544 1013 1603 etiam
1036 1541 1225 1622 appellandos
1248 1550 1335 1623 pute·

157 1651 234 1714 mus,
257 1634 326 1711 quia
350 1639 522 1711 sequantur,
546 1638 690 1709 quantum
714 1630 851 1691 homines
874 1639 1010 1711 possunt,
1034 1640 1169 1692 naturam
1194 1634 1335 1711 optimam

157 1721 234 1782 bene
263 1721 381 1782 vivendi
409 1720 525 1780 ducem.
573 1718 622 1779 Sic
646 1721 726 1779 enim
749 1719 822 1779 mihi
845 1722 1018 1799 perspicere
1041 1719 1157 1800 videor,
1185 1722 1226 1780 ita
1249 1729 1335 1782 natos

159 1829 225 1872 esse
248 1827 313 1889 nos,
336 1817 371 1870 ut
392 1810 472 1869 inter
496 1826 600 1868 omnes
623 1816 705 1869 esset
727 1809 855 1869 societas
878 1809 1031 1890 quaedam,
1053 1810 1148 1869 maior
1171 1816 1279 1890 autem,
1303 1817 1337 1870 ut

157 2104 217 2160 und
244 2103 328 2156 anter
354 2099 459 2154 diesem
484 2101 653 2157 verstendsn
677 2102 718 2157 sie
773 2101 852 2157 etellt
880 2099 975 2158 Cicero
1003 2118 1072 2172 gem
1100 2119 1272 2170 zusammem
1304 2121 1336 2159 so

161 2176 216 2228 den
229 2168 542 2237 Vollkommenweisen‚
556 2172 609 2225 wia
624 2188 654 2226 er
666 2190 720 2227 nur
772 2176 860 2228 untan
873 2180 918 2241 11,
937 2179 984 2240 393
1004 2174 1038 2228 de
1054 2190 1109 2227 ren.
1126 2180 1150 2241 6,
1170 2180 1215 2241 153
1236 2181 1279 2244 13,
1292 2181 1336 2233 42.

159 2244 189 2298 in
211 2243 262 2298 der
279 2242 356 2310 Idea,
380 2241 447 2296 aber
469 2241 548 2296 nicht
565 2242 606 2296 im
623 2241 719 2298 Leben
808 2247 898 2300 nostri
916 2246 1042 2310 maiores,
1062 2244 1102 2298 im
1116 2244 1289 2316 Gegensetne
1303 2263 1337 2300 nu

160 2314 328 2370 vorkommt.
367 2312 393 2367 S.
415 2331 449 2366 au
468 2318 497 2378 2,
523 2314 617 2367 9Aut
634 2331 718 2372 nemo.
773 2316 826 2371 den
842 2315 982 2382 Stoikern,
995 2316 1104 2371 welche
1117 2316 1218 2372 Gracci
1231 2334 1335 2372 waren.

194 2401 265 2450 eam,
298 2383 448 2438 attrahiert
474 2384 514 2438 im
543 2383 636 2439 Genus
663 2402 719 2441 von
774 2386 801 2441 S.
821 2391 887 2452 2115
907 2392 1121 2442 linostrorum.

157 2453 426 2525 sapientiam3=sie
437 2455 523 2510 seben
531 2454 561 2509 in
571 2455 620 2510 der
631 2455 719 2511 Weis-
808 2458 976 2512 invidiosum
1009 2463 1034 2512 ct
1065 2458 1217 2514 obscurum.
1254 2458 1337 2513 Denn

159 2526 221 2582 heit
240 2528 359 2595 etwas,
378 2542 441 2580 was
460 2565 487 2582 ..
774 2527 816 2583 sie
847 2528 1014 2598 verlangten
1044 2530 1138 2596 mehr,
1175 2529 1217 2584 als
1249 2530 1336 2584 reelle

193 2600 419 2667 interpretantur.
465 2596 562 2652 Dianas
594 2597 719 2653 Verbum
774 2598 958 2668 Tdchtigkeit
984 2600 1099 2666 laiaten,
1125 2599 1157 2670 ja
1184 2601 1256 2654 anch
1283 2618 1336 2655 nur

155 2669 232 2723 kann
257 2667 337 2723 nicht
362 2685 415 2722 nnr
441 2667 494 2722 den
520 2667 588 2722 Sinn
613 2668 719 2725 haben:
773 2670 837 2726 klar
854 2671 1005 2725 verstahen
1023 2671 1136 2726 konnte.

155 2739 201 2795 die
226 2739 304 2794 einer
321 2737 410 2793 Ssche
434 2737 562 2794 wirklioh
582 2739 719 2809 eignende
809 2745 960 2797 concedant
972 2747 1011 2797 ut.
1034 2741 1089 2795 Mit
1100 2742 1206 2796 ironiae
1221 2743 1261 2796 sie
1276 2749 1335 2798 mb-

154 2811 324 2879 Bedentnng
371 2809 548 2879 darlegem
600 2810 720 2866 sondern
775 2827 830 2882 gen
849 2813 958 2882 glitigst
976 2812 1118 2878 erlanben,
1137 2812 1198 2868 dass
1218 2832 1245 2869 n.
1265 2831 1285 2869 s.
1301 2831 1335 2868 w.

156 2883 240 2937 auch:
283 2882 345 2936 eine
382 2879 548 2950 Bedeutung
590 2881 620 2935 in
656 2880 719 2936 eine
809 2889 886 2948 §19-
926 2885 1030 2966 pinpui
1060 2885 1200 2940 Minerua.
1246 2883 1337 2940 Derbe

158 2953 249 3008 Socha
267 2951 500 3020 hineinlegen.
774 2953 943 3024 Redensnrt,
979 2971 1011 3008 ιιι
1047 2953 1169 3009 welcher
1205 2955 1337 3011 Minerua

192 3025 283 3080 adbuc
300 3039 386 3089 nemo,
404 3023 449 3077 bis
468 3021 518 3076 anf
533 3021 579 3077 die
593 3021 720 3093 Gegen-
773 3025 978 3098 metonymiach
1010 3025 1055 3080 fiir
1082 3027 1224 3096 inpertiam
1251 3028 1335 3094 steht,

155 3098 242 3151 wart
264 3096 313 3150 des
336 3092 497 3149 Redenden.
517 3124 550 3134 —
570 3093 646 3150 Geht
669 3093 719 3150 das
774 3113 853 3152 woan
871 3098 946 3152 dann
960 3098 1079 3167 pinquis
1093 3096 1172 3165 (oder
1186 3101 1290 3166 unsa)
1305 3097 1336 3153 in

155 3168 243 3221 noch
261 3183 315 3220 nur
332 3164 377 3220 bis
390 3183 426 3219 nn
440 3164 532 3220 eincm
546 3163 657 3221 Pnnlrte
671 3165 721 3222 der
773 3168 1015 3239 metaphorischer
1032 3165 1200 3238 Bedeutung
1218 3169 1289 3224 tritt.

157 3235 454 3320 Vetrgangenheit,
471 3236 720 3293 sostehtnandum
810 3239 962 3294 nicetium.
998 3237 1160 3293 Decetiam
1188 3239 1268 3295 dient
1286 3259 1335 3294 nur

159 3322 302 3377 quisquam
321 3308 388 3363 oder
406 3307 518 3363 einfsch
537 3323 621 3366 nemo.
643 3308 720 3434 tSilia·
774 3307 949 3381 Steigernng.
977 3309 1041 3378 Vgl.
1061 3307 1116 3364 Cic.
1136 3310 1171 3364 de
1188 3327 1245 3367 sen.
1261 3318 1336 3379 120

158 3379 265 3433 modum
290 3380 327 3435 ist
353 3378 562 3449 nnlateinisoh.)
584 3411 621 3420 -
670 3382 720 3435 ber
773 3385 891 3448 cisami,
908 3383 948 3436 sic
961 3382 1044 3436 etiam
1057 3383 1239 3436 nominantur
1252 3398 1335 3438 senes.

158 3449 281 3503 mutatis
299 3468 320 3504 s.
339 3468 372 3504 no
391 3455 406 3516 ξ
426 3456 468 3505 24.
772 3451 909 3523 Dagagen
922 3451 977 3507 cio.
992 3452 1072 3506 Verr.
1089 3458 1114 3522 4,
1133 3457 1176 3522 61,
1198 3457 1248 3507 116
1266 3469 1336 3524 quae

195 3517 224 3573 0.
236 3515 386 3574 Fabricius
396 3521 542 3589 hunum,
555 3539 717 3578 zusammen
771 3537 867 3590 sacra
885 3530 917 3578 ui
935 3528 1015 3579 aaut
1031 3539 1061 3577 rc
1078 3539 1156 3590 aua,
1175 3525 1205 3578 si
1210 3541 1225 3578 c
1242 3525 1335 3594 appal-

156 3588 211 3644 mit
241 3590 271 3662 Q.
298 3590 433 3646 Aemilius
460 3592 557 3663 Papus
584 3600 643 3661 (11,
670 3598 716 3664 39)
770 3594 827 3649 iuri
845 3595 953 3650 Graeca
969 3595 1124 3651 salierunt.

155 3667 207 3716 282
225 3661 283 3715 und
298 3665 350 3714 278
361 3660 463 3717 Consul
475 3665 533 3719 und
542 3670 593 3720 275
604 3663 716 3734 Censor,
806 3671 1245 3734 sequantur-naturamnsw.
1274 3666 1336 3721 Den

154 3731 282 3788 bekannt
296 3732 385 3787 durch
399 3733 473 3788 scine
487 3735 716 3791 nnbestechliche
770 3735 922 3791 Manschen
941 3737 1024 3791 leitet
1042 3736 1118 3791 seina
1132 3736 1229 3791 innare
1244 3736 1335 3792 Natnr

154 3801 211 3858 und
225 3804 716 3878 unamchittterlicbeFestiglreit.-
770 3806 1080 3878 aurGeselligkeit(Sic
1090 3808 1236 3861 eniminibi
1240 3823 1333 3877 persp.

155 3875 209 3928 Μ’.
229 3874 333 3931 ora-tas
346 3873 493 3944 Dentatus,
512 3877 644 3933 berdhmt
662 3894 716 3932 we·
763 3895 793 3933 u.
811 3895 837 3934 ιι.
853 3895 875 3934 s.
889 3880 949 3947 w.);
968 3879 1026 3932 und
1040 3877 1116 3932 diosa
1130 3877 1203 3932 mnis
1218 3879 1269 3932 anf
1279 3879 1335 3934 den

155 3961 210 4014 gen
226 3947 316 4001 asinar
331 3945 414 4018 Siege
427 3949 497 4004 uber
511 3947 557 4004 die
572 3947 717 4004 Samniten
771 3949 843 4004 oben
860 3951 1024 4005 erwbbnten
1034 3947 1189 4018 Tagenden
1199 3950 1333 4006 bernhen.

156 4031 182 4071 a.
201 4021 253 4070 aso
271 4018 330 4072 und
346 4017 402 4073 den
415 4018 538 4088 Pyrrhus
552 4036 578 4074 a.
594 4024 654 4087 215,
674 4034 717 4073 so·
807 4021 897 4075 maior
911 4018 1334 4092 stelltdiejedesmaligehbch-

153 4084 404 4214 ffissefffflplg
422 4089 609 4174 Einbcuheit,
626 4087 717 4215 affinga
771 4090 1334 4218 {tet{tnfqlbgegenmderwililegsmt-

264 4189 314 4213 .—-
347 4177 366 4213 s.
706 4191 717 4202 -
807 4177 818 4214 1
1008 4179 1039 4214 n·

153 4175 717 4302 tigerRechtskunocligwewrllbllbllillgonsbl,
770 4178 824 4286 mli
860 4178 936 4287 illan
947 4177 1112 4286 Πἔὶῗιιῖιίιιιιιι
1132 4179 1334 4304 qqrgleriessesqle

153 4317 213 4354 war
227 4299 276 4354 der
291 4302 364 4356 erate
376 4301 507 4358 Pontifex
521 4301 717 4358 maximusans
770 4303 851 4358 Anah
886 4303 926 4358 im
959 4301 1159 4357 Griechischen
1190 4304 1333 4359 wecbseln

153 4371 203 4426 der
225 4370 337 4427 Plebs.
358 4402 391 4412 -
411 4373 494 4429 Diese
517 4373 577 4428 drei
599 4375 716 4428 Mtnner
770 4373 905 4430 mitnnter
924 4371 1108 4442 Kamparativ
1125 4373 1183 4427 und
1203 4373 1333 4443 Superis·
