<?xml version="1.0" encoding="UTF-8"?>
<!DOCTYPE html PUBLIC "-//W3C//DTD XHTML 1.0 Transitional//EN"
    "http://www.w3.org/TR/xhtml1/DTD/xhtml1-transitional.dtd">
<html xmlns="http://www.w3.org/1999/xhtml" xml:lang="en" lang="en">
 <head>
  <title>
</title>
<meta http-equiv="Content-Type" content="text/html;charset=utf-8" />
  <meta name='ocr-system' content='tesseract 3.04.00' />
  <meta name='ocr-capabilities' content='ocr_page ocr_carea ocr_par ocr_line ocrx_word'/>
</head>
<body>
  <div class='ocr_page' id='page_1' title='image "./mtulliiciceroni86cicegoog/mtulliiciceroni86cicegoog_0026.png"; bbox 0 0 2946 4758; ppageno 0'>
   <div class='ocr_carea' id='block_1_1' title="bbox 671 137 1346 264">
    <p class='ocr_par' dir='ltr' id='par_1_1' title="bbox 671 137 1346 264">
     <span class='ocr_line' id='line_1_1' title="bbox 671 137 1346 264; baseline 0.006 -18"><span class='ocrx_word' id='word_1_1' title='bbox 671 193 696 262; x_wconf 87' lang='lat'>1,</span> <span class='ocrx_word' id='word_1_2' title='bbox 715 195 805 264; x_wconf 84' lang='lat'>4-11,</span> <span class='ocrx_word' id='word_1_3' title='bbox 824 201 849 251; x_wconf 81' lang='lat' dir='ltr'>o.</span> <span class='ocrx_word' id='word_1_4' title='bbox 1024 137 1029 142; x_wconf 26' lang='grc' dir='ltr'>Ι</span> <span class='ocrx_word' id='word_1_5' title='bbox 1074 235 1079 244; x_wconf 90' lang='grc'>.</span> <span class='ocrx_word' id='word_1_6' title='bbox 1304 195 1346 259; x_wconf 86' lang='lat'>13</span> 
     </span>
    </p>
   </div>
   <div class='ocr_carea' id='block_1_2' title="bbox 113 359 1403 1148">
    <p class='ocr_par' dir='ltr' id='par_1_2' title="bbox 113 359 1403 1148">
     <span class='ocr_line' id='line_1_2' title="bbox 169 359 1345 443; baseline -0.002 -20"><span class='ocrx_word' id='word_1_7' title='bbox 169 362 290 443; x_wconf 82' lang='lat' dir='ltr'>Acilius,</span> <span class='ocrx_word' id='word_1_8' title='bbox 314 363 382 440; x_wconf 83' lang='lat' dir='ltr'>quie</span> <span class='ocrx_word' id='word_1_9' title='bbox 405 359 539 440; x_wconf 90' lang='lat' dir='ltr'>prudens</span> <span class='ocrx_word' id='word_1_10' title='bbox 563 379 629 420; x_wconf 90' lang='lat' dir='ltr'>esse</span> <span class='ocrx_word' id='word_1_11' title='bbox 648 361 680 420; x_wconf 92' lang='lat' dir='ltr'>in</span> <span class='ocrx_word' id='word_1_12' title='bbox 697 362 763 420; x_wconf 89' lang='lat' dir='ltr'>iure</span> <span class='ocrx_word' id='word_1_13' title='bbox 784 359 861 421; x_wconf 81' lang='lat' dir='ltr'>civili</span> <span class='ocrx_word' id='word_1_14' title='bbox 879 360 1053 442; x_wconf 72' lang='lat' dir='ltr'>putabatur,</span> <span class='ocrx_word' id='word_1_15' title='bbox 1077 360 1159 441; x_wconf 83' lang='lat' dir='ltr'>Cato,</span> <span class='ocrx_word' id='word_1_16' title='bbox 1184 363 1253 440; x_wconf 84' lang='lat' dir='ltr'>quia</span> <span class='ocrx_word' id='word_1_17' title='bbox 1271 360 1345 423; x_wconf 93' lang='lat' dir='ltr'>mul·</span> 
     </span>
     <span class='ocr_line' id='line_1_3' title="bbox 171 447 1344 512; baseline -0.002 -1"><span class='ocrx_word' id='word_1_18' title='bbox 171 458 267 511; x_wconf 84' lang='lat' dir='ltr'>terum</span> <span class='ocrx_word' id='word_1_19' title='bbox 290 468 394 510; x_wconf 87' lang='lat' dir='ltr'>rerum</span> <span class='ocrx_word' id='word_1_20' title='bbox 417 466 506 510; x_wconf 91' lang='lat' dir='ltr'>usum</span> <span class='ocrx_word' id='word_1_21' title='bbox 529 448 669 510; x_wconf 81' lang='lat' dir='ltr'>hahebat:</span> <span class='ocrx_word' id='word_1_22' title='bbox 692 447 784 509; x_wconf 86' lang='lat' dir='ltr'>multe</span> <span class='ocrx_word' id='word_1_23' title='bbox 808 451 873 508; x_wconf 92' lang='lat' dir='ltr'>eius</span> <span class='ocrx_word' id='word_1_24' title='bbox 893 455 922 508; x_wconf 92' lang='lat' dir='ltr'>et</span> <span class='ocrx_word' id='word_1_25' title='bbox 940 451 971 508; x_wconf 93' lang='lat' dir='ltr'>in</span> <span class='ocrx_word' id='word_1_26' title='bbox 991 456 1095 510; x_wconf 84' lang='lat' dir='ltr'>senatu</span> <span class='ocrx_word' id='word_1_27' title='bbox 1115 458 1145 510; x_wconf 89' lang='lat' dir='ltr'>et</span> <span class='ocrx_word' id='word_1_28' title='bbox 1162 451 1194 511; x_wconf 94' lang='lat' dir='ltr'>in</span> <span class='ocrx_word' id='word_1_29' title='bbox 1214 449 1278 512; x_wconf 86' lang='lat' dir='ltr'>foro</span> <span class='ocrx_word' id='word_1_30' title='bbox 1298 448 1344 510; x_wconf 91' lang='lat' dir='ltr'>vel</span> 
     </span>
     <span class='ocr_line' id='line_1_4' title="bbox 113 535 1344 626; baseline 0 -27"><span class='ocrx_word' id='word_1_31' title='bbox 113 599 115 606; x_wconf 85' lang='grc'>,</span> <span class='ocrx_word' id='word_1_32' title='bbox 169 541 286 618; x_wconf 80' lang='lat' dir='ltr'>provisa</span> <span class='ocrx_word' id='word_1_33' title='bbox 314 537 480 618; x_wconf 82' lang='lat' dir='ltr'>prudenter</span> <span class='ocrx_word' id='word_1_34' title='bbox 507 537 553 598; x_wconf 84' lang='lat' dir='ltr'>vel</span> <span class='ocrx_word' id='word_1_35' title='bbox 582 545 646 599; x_wconf 84' lang='lat' dir='ltr'>ecta</span> <span class='ocrx_word' id='word_1_36' title='bbox 670 544 843 598; x_wconf 81' lang='lat' dir='ltr'><strong>constanter</strong></span> <span class='ocrx_word' id='word_1_37' title='bbox 865 535 911 597; x_wconf 86' lang='lat' dir='ltr'>vel</span> <span class='ocrx_word' id='word_1_38' title='bbox 934 554 1077 615; x_wconf 84' lang='lat' dir='ltr'>responsa</span> <span class='ocrx_word' id='word_1_39' title='bbox 1101 546 1187 598; x_wconf 85' lang='lat' dir='ltr'>acute</span> <span class='ocrx_word' id='word_1_40' title='bbox 1200 538 1344 626; x_wconf 63' lang='lat' dir='ltr'>Qn‘</span> 
     </span>
     <span class='ocr_line' id='line_1_5' title="bbox 169 623 1403 708; baseline 0 -20"><span class='ocrx_word' id='word_1_41' title='bbox 169 635 219 688; x_wconf 88' lang='lat' dir='ltr'>tur</span> <span class='ocrx_word' id='word_1_42' title='bbox 250 634 411 708; x_wconf 84' lang='lat' dir='ltr'>propterea</span> <span class='ocrx_word' id='word_1_43' title='bbox 434 627 519 705; x_wconf 82' lang='lat' dir='ltr'>quasi</span> <span class='ocrx_word' id='word_1_44' title='bbox 542 643 706 706; x_wconf 82' lang='lat' dir='ltr'>cognomen</span> <span class='ocrx_word' id='word_1_45' title='bbox 729 628 788 686; x_wconf 84' lang='lat' dir='ltr'>iem</span> <span class='ocrx_word' id='word_1_46' title='bbox 811 623 939 685; x_wconf 85' lang='lat' dir='ltr'>hahebat</span> <span class='ocrx_word' id='word_1_47' title='bbox 961 627 992 685; x_wconf 93' lang='lat' dir='ltr'>in</span> <span class='ocrx_word' id='word_1_48' title='bbox 1016 634 1170 687; x_wconf 82' lang='lat' dir='ltr'>senectute</span> <span class='ocrx_word' id='word_1_49' title='bbox 1193 630 1336 707; x_wconf 85' lang='lat' dir='ltr'>sepientis</span> <span class='ocrx_word' id='word_1_50' title='bbox 1392 629 1403 644; x_wconf 79' lang='lat'><em>¹</em></span> 
     </span>
     <span class='ocr_line' id='line_1_6' title="bbox 196 712 1371 800; baseline -0.003 -24"><span class='ocrx_word' id='word_1_51' title='bbox 196 735 211 776; x_wconf 92' lang='lat' dir='ltr'>e</span> <span class='ocrx_word' id='word_1_52' title='bbox 235 724 336 778; x_wconf 85' lang='lat' dir='ltr'>eutem</span> <span class='ocrx_word' id='word_1_53' title='bbox 360 715 568 800; x_wconf 60' lang='lat' dir='ltr'>eliopquodem</span> <span class='ocrx_word' id='word_1_54' title='bbox 591 715 678 776; x_wconf 87' lang='lat' dir='ltr'>modo</span> <span class='ocrx_word' id='word_1_55' title='bbox 702 732 762 776; x_wconf 94' lang='lat' dir='ltr'>non</span> <span class='ocrx_word' id='word_1_56' title='bbox 786 712 883 774; x_wconf 91' lang='lat' dir='ltr'>solum</span> <span class='ocrx_word' id='word_1_57' title='bbox 901 722 1008 774; x_wconf 81' lang='lat' dir='ltr'>nature</span> <span class='ocrx_word' id='word_1_58' title='bbox 1027 721 1058 774; x_wconf 91' lang='lat' dir='ltr'>et</span> <span class='ocrx_word' id='word_1_59' title='bbox 1075 714 1217 796; x_wconf 89' lang='lat' dir='ltr'>moribus,</span> <span class='ocrx_word' id='word_1_60' title='bbox 1240 735 1313 777; x_wconf 85' lang='lat' dir='ltr'>reru</span> <span class='ocrx_word' id='word_1_61' title='bbox 1356 725 1371 773; x_wconf 77' lang='lat' dir='ltr'>t</span> 
     </span>
     <span class='ocr_line' id='line_1_7' title="bbox 167 785 1345 883; baseline 0.001 -18"><span class='ocrx_word' id='word_1_62' title='bbox 167 806 259 865; x_wconf 84' lang='lat' dir='ltr'>etiem</span> <span class='ocrx_word' id='word_1_63' title='bbox 282 803 381 865; x_wconf 87' lang='lat' dir='ltr'>studio</span> <span class='ocrx_word' id='word_1_64' title='bbox 405 811 435 864; x_wconf 94' lang='lat' dir='ltr'>et</span> <span class='ocrx_word' id='word_1_65' title='bbox 458 785 593 865; x_wconf 83' lang='lat' dir='ltr'>doetrlua</span> <span class='ocrx_word' id='word_1_66' title='bbox 616 822 682 864; x_wconf 91' lang='lat' dir='ltr'>esse</span> <span class='ocrx_word' id='word_1_67' title='bbox 705 805 880 883; x_wconf 85' lang='lat' dir='ltr'>sapientem,</span> <span class='ocrx_word' id='word_1_68' title='bbox 903 820 959 863; x_wconf 88' lang='lat' dir='ltr'>nee</span> <span class='ocrx_word' id='word_1_69' title='bbox 983 803 1062 862; x_wconf 89' lang='lat' dir='ltr'>sieut</span> <span class='ocrx_word' id='word_1_70' title='bbox 1084 800 1204 883; x_wconf 83' lang='lat' dir='ltr'>vulgus,</span> <span class='ocrx_word' id='word_1_71' title='bbox 1235 803 1287 864; x_wconf 89' lang='lat' dir='ltr'>sed</span> <span class='ocrx_word' id='word_1_72' title='bbox 1311 814 1345 866; x_wconf 92' lang='lat' dir='ltr'>ut</span> 
     </span>
     <span class='ocr_line' id='line_1_8' title="bbox 169 888 1344 973; baseline 0 -21"><span class='ocrx_word' id='word_1_73' title='bbox 169 892 281 953; x_wconf 91' lang='lat' dir='ltr'>eruditi</span> <span class='ocrx_word' id='word_1_74' title='bbox 310 891 406 953; x_wconf 87' lang='lat' dir='ltr'>solent</span> <span class='ocrx_word' id='word_1_75' title='bbox 433 893 581 972; x_wconf 84' lang='lat' dir='ltr'>appellare</span> <span class='ocrx_word' id='word_1_76' title='bbox 609 894 787 973; x_wconf 83' lang='lat' dir='ltr'>sapientem,</span> <span class='ocrx_word' id='word_1_77' title='bbox 815 891 931 971; x_wconf 83' lang='lat' dir='ltr'>qualem</span> <span class='ocrx_word' id='word_1_78' title='bbox 954 893 986 951; x_wconf 91' lang='lat' dir='ltr'>in</span> <span class='ocrx_word' id='word_1_79' title='bbox 1009 889 1125 969; x_wconf 85' lang='lat' dir='ltr'>relique</span> <span class='ocrx_word' id='word_1_80' title='bbox 1147 888 1270 952; x_wconf 81' lang='lat' dir='ltr'>Graecia</span> <span class='ocrx_word' id='word_1_81' title='bbox 1293 913 1344 952; x_wconf 87' lang='lat' dir='ltr'>ne·</span> 
     </span>
     <span class='ocr_line' id='line_1_9' title="bbox 169 977 1344 1061; baseline 0 -20"><span class='ocrx_word' id='word_1_82' title='bbox 169 983 281 1041; x_wconf 88' lang='lat' dir='ltr'>minem</span> <span class='ocrx_word' id='word_1_83' title='bbox 302 1014 339 1023; x_wconf 94' lang='lat'><em>-</em></span> <span class='ocrx_word' id='word_1_84' title='bbox 361 998 428 1041; x_wconf 85' lang='lat' dir='ltr'>nem</span> <span class='ocrx_word' id='word_1_85' title='bbox 452 983 504 1060; x_wconf 92' lang='lat' dir='ltr'>qui</span> <span class='ocrx_word' id='word_1_86' title='bbox 528 988 643 1060; x_wconf 89' lang='lat' dir='ltr'>septem</span> <span class='ocrx_word' id='word_1_87' title='bbox 662 979 856 1061; x_wconf 80' lang='lat' dir='ltr'>appellentur,</span> <span class='ocrx_word' id='word_1_88' title='bbox 881 997 932 1040; x_wconf 91' lang='lat' dir='ltr'>eos</span> <span class='ocrx_word' id='word_1_89' title='bbox 951 981 1004 1058; x_wconf 92' lang='lat' dir='ltr'>qui</span> <span class='ocrx_word' id='word_1_90' title='bbox 1022 981 1078 1039; x_wconf 84' lang='lat' dir='ltr'>iste</span> <span class='ocrx_word' id='word_1_91' title='bbox 1098 977 1236 1040; x_wconf 90' lang='lat' dir='ltr'>subtilius</span> <span class='ocrx_word' id='word_1_92' title='bbox 1255 999 1344 1058; x_wconf 82' lang='lat' dir='ltr'>quae-</span> 
     </span>
     <span class='ocr_line' id='line_1_10' title="bbox 169 1058 1343 1148; baseline 0.001 -20"><span class='ocrx_word' id='word_1_93' title='bbox 169 1079 241 1132; x_wconf 87' lang='lat' dir='ltr'>ruut</span> <span class='ocrx_word' id='word_1_94' title='bbox 263 1071 294 1128; x_wconf 94' lang='lat' dir='ltr'>in</span> <span class='ocrx_word' id='word_1_95' title='bbox 317 1087 442 1130; x_wconf 89' lang='lat' dir='ltr'>numero</span> <span class='ocrx_word' id='word_1_96' title='bbox 467 1071 646 1148; x_wconf 79' lang='lat' dir='ltr'>sapientium</span> <span class='ocrx_word' id='word_1_97' title='bbox 670 1087 730 1129; x_wconf 92' lang='lat' dir='ltr'>non</span> <span class='ocrx_word' id='word_1_98' title='bbox 753 1067 863 1129; x_wconf 83' lang='lat' dir='ltr'>hahent</span> <span class='ocrx_word' id='word_1_99' title='bbox 886 1101 942 1148; x_wconf 90' lang='lat'>-,</span> <span class='ocrx_word' id='word_1_100' title='bbox 966 1067 1089 1128; x_wconf 79' lang='lat' dir='ltr'>Athenis</span> <span class='ocrx_word' id='word_1_101' title='bbox 1112 1086 1206 1128; x_wconf 89' lang='lat' dir='ltr'>unum</span> <span class='ocrx_word' id='word_1_102' title='bbox 1230 1058 1343 1147; x_wconf 74' lang='lat' dir='ltr'>aceepi-</span> 
     </span>
    </p>
   </div>
   <div class='ocr_carea' id='block_1_3' title="bbox 169 1156 1343 1238">
    <p class='ocr_par' dir='ltr' id='par_1_3' title="bbox 169 1156 1343 1238">
     <span class='ocr_line' id='line_1_11' title="bbox 169 1156 1343 1238; baseline -0.001 -20"><span class='ocrx_word' id='word_1_103' title='bbox 169 1175 236 1218; x_wconf 92' lang='lat' dir='ltr'>mus</span> <span class='ocrx_word' id='word_1_104' title='bbox 264 1165 293 1218; x_wconf 89' lang='lat' dir='ltr'>et</span> <span class='ocrx_word' id='word_1_105' title='bbox 322 1176 390 1219; x_wconf 90' lang='lat' dir='ltr'>eum</span> <span class='ocrx_word' id='word_1_106' title='bbox 419 1158 540 1237; x_wconf 92' lang='lat' dir='ltr'>quidem</span> <span class='ocrx_word' id='word_1_107' title='bbox 569 1160 658 1218; x_wconf 85' lang='lat' dir='ltr'>etiem</span> <span class='ocrx_word' id='word_1_108' title='bbox 680 1156 824 1238; x_wconf 76' lang='lat' dir='ltr'>Apollinis</span> <span class='ocrx_word' id='word_1_109' title='bbox 848 1156 969 1217; x_wconf 86' lang='lat' dir='ltr'>eraculo</span> <span class='ocrx_word' id='word_1_110' title='bbox 993 1159 1245 1236; x_wconf 83' lang='lat' dir='ltr'>sapientissimum</span> <span class='ocrx_word' id='word_1_111' title='bbox 1268 1157 1343 1218; x_wconf 91' lang='lat' dir='ltr'>iudi·</span> 
     </span>
    </p>
   </div>
   <div class='ocr_carea' id='block_1_4' title="bbox 68 1245 1436 1330">
    <p class='ocr_par' dir='ltr' id='par_1_4' title="bbox 68 1245 1436 1330">
     <span class='ocr_line' id='line_1_12' title="bbox 68 1245 1436 1330; baseline -0.001 -24"><span class='ocrx_word' id='word_1_112' title='bbox 68 1259 70 1264; x_wconf 90' lang='grc'><strong><em>·</em></strong></span> <span class='ocrx_word' id='word_1_113' title='bbox 168 1254 280 1307; x_wconf 85' lang='lat' dir='ltr'>cetum:</span> <span class='ocrx_word' id='word_1_114' title='bbox 298 1279 343 1289; x_wconf 92' lang='lat'>—-</span> <span class='ocrx_word' id='word_1_115' title='bbox 360 1245 438 1307; x_wconf 86' lang='lat' dir='ltr'>hane</span> <span class='ocrx_word' id='word_1_116' title='bbox 463 1263 528 1306; x_wconf 91' lang='lat' dir='ltr'>esse</span> <span class='ocrx_word' id='word_1_117' title='bbox 552 1248 636 1306; x_wconf 92' lang='lat' dir='ltr'>inte</span> <span class='ocrx_word' id='word_1_118' title='bbox 660 1247 835 1325; x_wconf 86' lang='lat' dir='ltr'>sapientiem</span> <span class='ocrx_word' id='word_1_119' title='bbox 858 1246 1036 1325; x_wconf 84' lang='lat' dir='ltr'>existiment,</span> <span class='ocrx_word' id='word_1_120' title='bbox 1061 1254 1094 1306; x_wconf 92' lang='lat' dir='ltr'>ut</span> <span class='ocrx_word' id='word_1_121' title='bbox 1117 1246 1215 1305; x_wconf 86' lang='lat' dir='ltr'>omnio</span> <span class='ocrx_word' id='word_1_122' title='bbox 1239 1254 1289 1305; x_wconf 84' lang='lat' dir='ltr'>tue</span> <span class='ocrx_word' id='word_1_123' title='bbox 1312 1249 1344 1305; x_wconf 96' lang='lat' dir='ltr'>in</span> <span class='ocrx_word' id='word_1_124' title='bbox 1431 1321 1436 1330; x_wconf 26' lang='grc' dir='ltr'><strong><em>ι</em></strong></span> 
     </span>
    </p>
   </div>
   <div class='ocr_carea' id='block_1_5' title="bbox 134 1334 1369 1947">
    <p class='ocr_par' dir='ltr' id='par_1_5' title="bbox 134 1334 1344 1839">
     <span class='ocr_line' id='line_1_13' title="bbox 166 1334 1344 1414; baseline -0.003 -17"><span class='ocrx_word' id='word_1_125' title='bbox 166 1342 196 1398; x_wconf 86' lang='lat' dir='ltr'>te</span> <span class='ocrx_word' id='word_1_126' title='bbox 228 1337 325 1414; x_wconf 84' lang='lat' dir='ltr'>posita</span> <span class='ocrx_word' id='word_1_127' title='bbox 357 1352 425 1394; x_wconf 89' lang='lat' dir='ltr'>esse</span> <span class='ocrx_word' id='word_1_128' title='bbox 457 1334 548 1395; x_wconf 86' lang='lat' dir='ltr'>duces</span> <span class='ocrx_word' id='word_1_129' title='bbox 574 1335 780 1413; x_wconf 76' lang='lat' dir='ltr'>humanosque</span> <span class='ocrx_word' id='word_1_130' title='bbox 809 1352 895 1396; x_wconf 80' lang='lat' dir='ltr'>cesus</span> <span class='ocrx_word' id='word_1_131' title='bbox 923 1337 1032 1394; x_wconf 89' lang='lat' dir='ltr'>virtute</span> <span class='ocrx_word' id='word_1_132' title='bbox 1061 1334 1231 1397; x_wconf 70' lang='lat' dir='ltr'>inferiores</span> <span class='ocrx_word' id='word_1_133' title='bbox 1246 1342 1344 1413; x_wconf 90' lang='lat' dir='ltr'>putes.</span> 
     </span>
     <span class='ocr_line' id='line_1_14' title="bbox 134 1420 1343 1504; baseline 0.001 -22"><span class='ocrx_word' id='word_1_134' title='bbox 134 1457 138 1463; x_wconf 95' lang='lat'>-</span> <span class='ocrx_word' id='word_1_135' title='bbox 165 1420 269 1502; x_wconf 81' lang='lat' dir='ltr'>ltaque</span> <span class='ocrx_word' id='word_1_136' title='bbox 302 1441 339 1483; x_wconf 81' lang='lat' dir='ltr'>ex</span> <span class='ocrx_word' id='word_1_137' title='bbox 372 1440 420 1482; x_wconf 90' lang='lat' dir='ltr'>me</span> <span class='ocrx_word' id='word_1_138' title='bbox 454 1431 615 1504; x_wconf 86' lang='lat' dir='ltr'>quaerunt,</span> <span class='ocrx_word' id='word_1_139' title='bbox 647 1423 737 1486; x_wconf 89' lang='lat' dir='ltr'>eredo</span> <span class='ocrx_word' id='word_1_140' title='bbox 771 1441 807 1483; x_wconf 85' lang='lat' dir='ltr'>ex</span> <span class='ocrx_word' id='word_1_141' title='bbox 839 1422 896 1483; x_wconf 85' lang='lat' dir='ltr'>hoe</span> <span class='ocrx_word' id='word_1_142' title='bbox 928 1425 1001 1482; x_wconf 89' lang='lat' dir='ltr'>item</span> <span class='ocrx_word' id='word_1_143' title='bbox 1031 1421 1183 1503; x_wconf 82' lang='lat' dir='ltr'>Scaevola,</span> <span class='ocrx_word' id='word_1_144' title='bbox 1215 1440 1343 1502; x_wconf 80' lang='lat' dir='ltr'>quonam</span> 
     </span>
     <span class='ocr_line' id='line_1_15' title="bbox 166 1509 1344 1594; baseline 0.001 -23"><span class='ocrx_word' id='word_1_145' title='bbox 166 1519 254 1590; x_wconf 84' lang='lat' dir='ltr'>paeto</span> <span class='ocrx_word' id='word_1_146' title='bbox 283 1518 411 1571; x_wconf 89' lang='lat' dir='ltr'>mertem</span> <span class='ocrx_word' id='word_1_147' title='bbox 433 1512 564 1572; x_wconf 79' lang='lat' dir='ltr'>Alrioeni</span> <span class='ocrx_word' id='word_1_148' title='bbox 591 1512 684 1594; x_wconf 84' lang='lat' dir='ltr'>feres,</span> <span class='ocrx_word' id='word_1_149' title='bbox 711 1529 808 1591; x_wconf 89' lang='lat' dir='ltr'>eoque</span> <span class='ocrx_word' id='word_1_150' title='bbox 834 1513 941 1592; x_wconf 84' lang='lat' dir='ltr'>magis,</span> <span class='ocrx_word' id='word_1_151' title='bbox 969 1511 1049 1588; x_wconf 85' lang='lat' dir='ltr'>quod</span> <span class='ocrx_word' id='word_1_152' title='bbox 1076 1512 1220 1589; x_wconf 86' lang='lat' dir='ltr'>proximis</span> <span class='ocrx_word' id='word_1_153' title='bbox 1242 1509 1344 1592; x_wconf 86' lang='lat' dir='ltr'>Nonis,</span> 
     </span>
     <span class='ocr_line' id='line_1_16' title="bbox 167 1597 1344 1680; baseline 0.001 -21"><span class='ocrx_word' id='word_1_154' title='bbox 167 1617 237 1660; x_wconf 86' lang='lat' dir='ltr'>eum</span> <span class='ocrx_word' id='word_1_155' title='bbox 267 1601 298 1659; x_wconf 92' lang='lat' dir='ltr'>in</span> <span class='ocrx_word' id='word_1_156' title='bbox 327 1598 433 1660; x_wconf 89' lang='lat' dir='ltr'>hortos</span> <span class='ocrx_word' id='word_1_157' title='bbox 460 1599 494 1660; x_wconf 88' lang='lat' dir='ltr'>D.</span> <span class='ocrx_word' id='word_1_158' title='bbox 522 1597 608 1662; x_wconf 90' lang='lat' dir='ltr'>Bruti</span> <span class='ocrx_word' id='word_1_159' title='bbox 638 1603 759 1680; x_wconf 82' lang='lat' dir='ltr'>auguris</span> <span class='ocrx_word' id='word_1_160' title='bbox 790 1599 1009 1660; x_wconf 83' lang='lat' dir='ltr'>commentandi</span> <span class='ocrx_word' id='word_1_161' title='bbox 1032 1616 1134 1680; x_wconf 84' lang='lat' dir='ltr'>eausa,</span> <span class='ocrx_word' id='word_1_162' title='bbox 1165 1608 1199 1660; x_wconf 88' lang='lat' dir='ltr'>ut</span> <span class='ocrx_word' id='word_1_163' title='bbox 1227 1600 1344 1680; x_wconf 85' lang='lat' dir='ltr'>assolet,</span> 
     </span>
     <span class='ocr_line' id='line_1_17' title="bbox 166 1687 1344 1770; baseline 0.003 -24"><span class='ocrx_word' id='word_1_164' title='bbox 166 1690 363 1770; x_wconf 86' lang='lat' dir='ltr'>venissemus,</span> <span class='ocrx_word' id='word_1_165' title='bbox 392 1696 425 1749; x_wconf 94' lang='lat' dir='ltr'>tu</span> <span class='ocrx_word' id='word_1_166' title='bbox 453 1707 514 1749; x_wconf 93' lang='lat' dir='ltr'>non</span> <span class='ocrx_word' id='word_1_167' title='bbox 543 1689 667 1768; x_wconf 84' lang='lat' dir='ltr'>affuisti,</span> <span class='ocrx_word' id='word_1_168' title='bbox 695 1691 747 1768; x_wconf 89' lang='lat' dir='ltr'>qui</span> <span class='ocrx_word' id='word_1_169' title='bbox 770 1688 994 1768; x_wconf 77' lang='lat' dir='ltr'>diligeutIssime</span> <span class='ocrx_word' id='word_1_170' title='bbox 1018 1705 1136 1767; x_wconf 90' lang='lat' dir='ltr'>semper</span> <span class='ocrx_word' id='word_1_171' title='bbox 1158 1687 1242 1748; x_wconf 92' lang='lat' dir='ltr'>illum</span> <span class='ocrx_word' id='word_1_172' title='bbox 1266 1688 1344 1749; x_wconf 92' lang='lat' dir='ltr'>diem</span> 
     </span>
     <span class='ocr_line' id='line_1_18' title="bbox 166 1776 773 1839; baseline 0.003 -3"><span class='ocrx_word' id='word_1_173' title='bbox 166 1784 196 1837; x_wconf 91' lang='lat' dir='ltr'>et</span> <span class='ocrx_word' id='word_1_174' title='bbox 218 1776 290 1836; x_wconf 90' lang='lat' dir='ltr'>illud</span> <span class='ocrx_word' id='word_1_175' title='bbox 315 1795 423 1838; x_wconf 90' lang='lat' dir='ltr'>munus</span> <span class='ocrx_word' id='word_1_176' title='bbox 447 1777 551 1839; x_wconf 92' lang='lat' dir='ltr'>solitus</span> <span class='ocrx_word' id='word_1_177' title='bbox 575 1795 657 1838; x_wconf 91' lang='lat' dir='ltr'>esses</span> <span class='ocrx_word' id='word_1_178' title='bbox 681 1777 773 1839; x_wconf 92' lang='lat' dir='ltr'>obire.</span> 
     </span>
    </p>

    <p class='ocr_par' dir='ltr' id='par_1_6' title="bbox 211 1863 1369 1947">
     <span class='ocr_line' id='line_1_19' title="bbox 211 1863 1369 1947; baseline 0.002 -23"><span class='ocrx_word' id='word_1_179' title='bbox 211 1863 385 1928; x_wconf 77' lang='lat' dir='ltr'>Sennvonn.</span> <span class='ocrx_word' id='word_1_180' title='bbox 432 1867 587 1937; x_wconf 83' lang='lat' dir='ltr'>Quaerunt</span> <span class='ocrx_word' id='word_1_181' title='bbox 610 1867 744 1947; x_wconf 88' lang='lat' dir='ltr'>quidem,</span> <span class='ocrx_word' id='word_1_182' title='bbox 773 1864 804 1927; x_wconf 85' lang='lat' dir='ltr'>C.</span> <span class='ocrx_word' id='word_1_183' title='bbox 827 1864 921 1947; x_wconf 85' lang='lat' dir='ltr'>Laeli,</span> <span class='ocrx_word' id='word_1_184' title='bbox 944 1864 1043 1946; x_wconf 91' lang='lat' dir='ltr'>multi,</span> <span class='ocrx_word' id='word_1_185' title='bbox 1066 1873 1100 1925; x_wconf 93' lang='lat' dir='ltr'>ut</span> <span class='ocrx_word' id='word_1_186' title='bbox 1123 1873 1169 1925; x_wconf 92' lang='lat' dir='ltr'>est</span> <span class='ocrx_word' id='word_1_187' title='bbox 1192 1883 1208 1925; x_wconf 83' lang='lat' dir='ltr'>e</span> <span class='ocrx_word' id='word_1_188' title='bbox 1230 1865 1369 1933; x_wconf 79' lang='lat' dir='ltr'>Fennioe</span> 
     </span>
    </p>
   </div>
   <div class='ocr_carea' id='block_1_6' title="bbox 153 2086 1425 4430">
    <p class='ocr_par' dir='ltr' id='par_1_7' title="bbox 153 2086 1425 4430">
     <span class='ocr_line' id='line_1_20' title="bbox 200 2086 1344 2158; baseline 0.003 -16"><span class='ocrx_word' id='word_1_189' title='bbox 200 2089 233 2142; x_wconf 74' lang='lat' dir='ltr'>re</span> <span class='ocrx_word' id='word_1_190' title='bbox 255 2088 316 2143; x_wconf 75' lang='lat' dir='ltr'>terre</span> <span class='ocrx_word' id='word_1_191' title='bbox 334 2088 411 2143; x_wconf 78' lang='lat' dir='ltr'>cirili</span> <span class='ocrx_word' id='word_1_192' title='bbox 428 2088 592 2143; x_wconf 83' lang='lat' dir='ltr'>bezeichnet</span> <span class='ocrx_word' id='word_1_193' title='bbox 605 2089 655 2144; x_wconf 85' lang='lat' dir='ltr'>des</span> <span class='ocrx_word' id='word_1_194' title='bbox 674 2088 726 2144; x_wconf 83' lang='lat' dir='ltr'>Ge·</span> <span class='ocrx_word' id='word_1_195' title='bbox 816 2093 922 2144; x_wconf 78' lang='lat' dir='ltr'>reaturo</span> <span class='ocrx_word' id='word_1_196' title='bbox 934 2086 1163 2158; x_wconf 85' lang='lat' dir='ltr'>horrespondiert</span> <span class='ocrx_word' id='word_1_197' title='bbox 1175 2089 1228 2142; x_wconf 90' lang='lat' dir='ltr'>mit</span> <span class='ocrx_word' id='word_1_198' title='bbox 1236 2091 1344 2156; x_wconf 62' lang='lat' dir='ltr'>studim·</span> 
     </span>
     <span class='ocr_line' id='line_1_21' title="bbox 165 2156 1125 2229; baseline 0.001 -16"><span class='ocrx_word' id='word_1_199' title='bbox 165 2156 239 2226; x_wconf 88' lang='lat' dir='ltr'>hiet,</span> <span class='ocrx_word' id='word_1_200' title='bbox 258 2158 318 2212; x_wconf 85' lang='lat' dir='ltr'>eof</span> <span class='ocrx_word' id='word_1_201' title='bbox 333 2158 469 2213; x_wconf 81' lang='lat' dir='ltr'>welchem</span> <span class='ocrx_word' id='word_1_202' title='bbox 488 2158 548 2213; x_wconf 83' lang='lat' dir='ltr'>sich</span> <span class='ocrx_word' id='word_1_203' title='bbox 566 2159 644 2214; x_wconf 90' lang='lat' dir='ltr'>seine</span> <span class='ocrx_word' id='word_1_204' title='bbox 658 2176 727 2229; x_wconf 82' lang='lat' dir='ltr'>prn-</span> <span class='ocrx_word' id='word_1_205' title='bbox 780 2161 902 2214; x_wconf 78' lang='lat' dir='ltr'>moribus</span> <span class='ocrx_word' id='word_1_206' title='bbox 919 2158 973 2214; x_wconf 87' lang='lat' dir='ltr'>mit</span> <span class='ocrx_word' id='word_1_207' title='bbox 990 2160 1125 2214; x_wconf 78' lang='lat' dir='ltr'>doctrina.</span> 
     </span>
     <span class='ocr_line' id='line_1_22' title="bbox 166 2229 1342 2301; baseline 0.001 -18"><span class='ocrx_word' id='word_1_208' title='bbox 166 2229 260 2284; x_wconf 68' lang='lat' dir='ltr'>dentre</span> <span class='ocrx_word' id='word_1_209' title='bbox 278 2229 383 2285; x_wconf 86' lang='lat' dir='ltr'>erwies.</span> <span class='ocrx_word' id='word_1_210' title='bbox 701 2293 704 2298; x_wconf 26' lang='lat'><strong>¹</strong></span> <span class='ocrx_word' id='word_1_211' title='bbox 816 2233 866 2301; x_wconf 78' lang='lat' dir='ltr'>pei</span> <span class='ocrx_word' id='word_1_212' title='bbox 884 2235 982 2300; x_wconf 81' lang='lat' dir='ltr'>septem</span> <span class='ocrx_word' id='word_1_213' title='bbox 1002 2231 1342 2299; x_wconf 82' lang='lat' dir='ltr'>appellantrrr=Theles,</span> 
     </span>
     <span class='ocr_line' id='line_1_23' title="bbox 201 2300 1340 2371; baseline 0.002 -17"><span class='ocrx_word' id='word_1_214' title='bbox 201 2301 351 2356; x_wconf 77' lang='lat' dir='ltr'>multarem</span> <span class='ocrx_word' id='word_1_215' title='bbox 372 2317 464 2356; x_wconf 83' lang='lat' dir='ltr'>rerum</span> <span class='ocrx_word' id='word_1_216' title='bbox 487 2316 575 2356; x_wconf 83' lang='lat' dir='ltr'>esrem.</span> <span class='ocrx_word' id='word_1_217' title='bbox 611 2300 650 2355; x_wconf 84' lang='lat' dir='ltr'>Er</span> <span class='ocrx_word' id='word_1_218' title='bbox 668 2319 727 2356; x_wconf 85' lang='lat' dir='ltr'>wer</span> <span class='ocrx_word' id='word_1_219' title='bbox 782 2302 882 2370; x_wconf 86' lang='lat' dir='ltr'>Solon,</span> <span class='ocrx_word' id='word_1_220' title='bbox 900 2301 966 2357; x_wconf 85' lang='lat' dir='ltr'>Bies</span> <span class='ocrx_word' id='word_1_221' title='bbox 986 2303 1046 2369; x_wconf 86' lang='lat' dir='ltr'>(eus</span> <span class='ocrx_word' id='word_1_222' title='bbox 1064 2301 1163 2358; x_wconf 89' lang='lat' dir='ltr'>Priene</span> <span class='ocrx_word' id='word_1_223' title='bbox 1181 2303 1211 2356; x_wconf 91' lang='lat' dir='ltr'>in</span> <span class='ocrx_word' id='word_1_224' title='bbox 1229 2302 1340 2371; x_wconf 71' lang='lat' dir='ltr'>lenden,</span> 
     </span>
     <span class='ocr_line' id='line_1_24' title="bbox 165 2370 1341 2444; baseline 0.002 -20"><span class='ocrx_word' id='word_1_225' title='bbox 165 2370 196 2424; x_wconf 87' lang='lat' dir='ltr'>in</span> <span class='ocrx_word' id='word_1_226' title='bbox 218 2371 268 2426; x_wconf 86' lang='lat' dir='ltr'>der</span> <span class='ocrx_word' id='word_1_227' title='bbox 291 2371 411 2426; x_wconf 76' lang='lat' dir='ltr'>Theonis</span> <span class='ocrx_word' id='word_1_228' title='bbox 435 2388 470 2425; x_wconf 85' lang='lat' dir='ltr'>zu</span> <span class='ocrx_word' id='word_1_229' title='bbox 490 2371 598 2439; x_wconf 82' lang='lat' dir='ltr'>Heuse,</span> <span class='ocrx_word' id='word_1_230' title='bbox 621 2372 674 2429; x_wconf 84' lang='lat' dir='ltr'>wie</span> <span class='ocrx_word' id='word_1_231' title='bbox 697 2375 727 2428; x_wconf 89' lang='lat' dir='ltr'>in</span> <span class='ocrx_word' id='word_1_232' title='bbox 780 2374 838 2442; x_wconf 85' lang='lat' dir='ltr'>vgl.</span> <span class='ocrx_word' id='word_1_233' title='bbox 868 2379 914 2441; x_wconf 85' lang='lat'>16,</span> <span class='ocrx_word' id='word_1_234' title='bbox 948 2375 1007 2442; x_wconf 84' lang='lat'>59),</span> <span class='ocrx_word' id='word_1_235' title='bbox 1041 2371 1154 2441; x_wconf 83' lang='lat' dir='ltr'>Chilon,</span> <span class='ocrx_word' id='word_1_236' title='bbox 1183 2373 1341 2444; x_wconf 81' lang='lat' dir='ltr'>Cleobulus,</span> 
     </span>
     <span class='ocr_line' id='line_1_25' title="bbox 165 2440 1343 2510; baseline 0.003 -14"><span class='ocrx_word' id='word_1_237' title='bbox 165 2441 215 2496; x_wconf 88' lang='lat' dir='ltr'>der</span> <span class='ocrx_word' id='word_1_238' title='bbox 238 2440 348 2509; x_wconf 77' lang='lat' dir='ltr'>Prexis3</span> <span class='ocrx_word' id='word_1_239' title='bbox 372 2443 515 2498; x_wconf 85' lang='lat' dir='ltr'>zeiohnete</span> <span class='ocrx_word' id='word_1_240' title='bbox 540 2441 600 2498; x_wconf 81' lang='lat' dir='ltr'>sich</span> <span class='ocrx_word' id='word_1_241' title='bbox 623 2460 673 2498; x_wconf 85' lang='lat' dir='ltr'>ens</span> <span class='ocrx_word' id='word_1_242' title='bbox 695 2445 725 2498; x_wconf 91' lang='lat' dir='ltr'>in</span> <span class='ocrx_word' id='word_1_243' title='bbox 780 2443 920 2510; x_wconf 87' lang='lat' dir='ltr'>Pitteous,</span> <span class='ocrx_word' id='word_1_244' title='bbox 956 2441 1118 2498; x_wconf 79' lang='lat' dir='ltr'>Periander.</span> <span class='ocrx_word' id='word_1_245' title='bbox 1165 2443 1210 2498; x_wconf 85' lang='lat' dir='ltr'>Sie</span> <span class='ocrx_word' id='word_1_246' title='bbox 1246 2445 1343 2500; x_wconf 90' lang='lat' dir='ltr'>lehten</span> 
     </span>
     <span class='ocr_line' id='line_1_26' title="bbox 165 2512 1063 2581; baseline 0.001 -15"><span class='ocrx_word' id='word_1_247' title='bbox 165 2512 215 2566; x_wconf 89' lang='lat' dir='ltr'>der</span> <span class='ocrx_word' id='word_1_248' title='bbox 233 2513 479 2581; x_wconf 84' lang='lat' dir='ltr'>Lendwirtseheft,</span> <span class='ocrx_word' id='word_1_249' title='bbox 500 2515 531 2568; x_wconf 91' lang='lat' dir='ltr'>in</span> <span class='ocrx_word' id='word_1_250' title='bbox 549 2514 599 2570; x_wconf 81' lang='lat' dir='ltr'>der</span> <span class='ocrx_word' id='word_1_251' title='bbox 618 2513 725 2569; x_wconf 81' lang='lat' dir='ltr'>Stnats-</span> <span class='ocrx_word' id='word_1_252' title='bbox 780 2532 828 2568; x_wconf 88' lang='lat' dir='ltr'>um</span> <span class='ocrx_word' id='word_1_253' title='bbox 846 2514 896 2568; x_wconf 85' lang='lat' dir='ltr'>dne</span> <span class='ocrx_word' id='word_1_254' title='bbox 914 2514 983 2568; x_wconf 84' lang='lat' dir='ltr'>Jehr</span> <span class='ocrx_word' id='word_1_255' title='bbox 1002 2519 1063 2568; x_wconf 83' lang='lat'><strong>600.</strong></span> 
     </span>
     <span class='ocr_line' id='line_1_27' title="bbox 165 2582 1340 2656; baseline 0.003 -18"><span class='ocrx_word' id='word_1_256' title='bbox 165 2582 369 2652; x_wconf 75' lang='lat' dir='ltr'>wissenschaft,</span> <span class='ocrx_word' id='word_1_257' title='bbox 387 2585 427 2640; x_wconf 91' lang='lat' dir='ltr'>im</span> <span class='ocrx_word' id='word_1_258' title='bbox 441 2585 649 2656; x_wconf 78' lang='lat' dir='ltr'>Kriegswesen3</span> <span class='ocrx_word' id='word_1_259' title='bbox 667 2603 726 2640; x_wconf 84' lang='lat' dir='ltr'>wer</span> <span class='ocrx_word' id='word_1_260' title='bbox 815 2586 1047 2656; x_wconf 74' lang='lat' dir='ltr'>Apoll.,oreeulo.</span> <span class='ocrx_word' id='word_1_261' title='bbox 1080 2584 1178 2639; x_wconf 88' lang='lat' dir='ltr'>Dieses</span> <span class='ocrx_word' id='word_1_262' title='bbox 1196 2586 1263 2655; x_wconf 80' lang='lat' dir='ltr'>(vgl.</span> <span class='ocrx_word' id='word_1_263' title='bbox 1283 2586 1340 2643; x_wconf 81' lang='lat' dir='ltr'>Oie.</span> 
     </span>
     <span class='ocr_line' id='line_1_28' title="bbox 164 2654 1341 2726; baseline 0.001 -16"><span class='ocrx_word' id='word_1_264' title='bbox 164 2654 241 2723; x_wconf 84' lang='lat' dir='ltr'>grols</span> <span class='ocrx_word' id='word_1_265' title='bbox 259 2656 301 2710; x_wconf 86' lang='lat' dir='ltr'>els</span> <span class='ocrx_word' id='word_1_266' title='bbox 320 2655 572 2726; x_wconf 81' lang='lat' dir='ltr'>Rechtskundiger,</span> <span class='ocrx_word' id='word_1_267' title='bbox 591 2657 633 2711; x_wconf 77' lang='lat' dir='ltr'>als</span> <span class='ocrx_word' id='word_1_268' title='bbox 651 2657 726 2712; x_wconf 83' lang='lat' dir='ltr'>Red-</span> <span class='ocrx_word' id='word_1_269' title='bbox 780 2656 814 2710; x_wconf 89' lang='lat' dir='ltr'>de</span> <span class='ocrx_word' id='word_1_270' title='bbox 833 2673 890 2713; x_wconf 87' lang='lat' dir='ltr'>sen.</span> <span class='ocrx_word' id='word_1_271' title='bbox 910 2661 959 2725; x_wconf 88' lang='grc'>21,</span> <span class='ocrx_word' id='word_1_272' title='bbox 979 2660 1023 2725; x_wconf 76' lang='lat'>78)</span> <span class='ocrx_word' id='word_1_273' title='bbox 1042 2657 1211 2710; x_wconf 83' lang='lat' dir='ltr'>entwortete</span> <span class='ocrx_word' id='word_1_274' title='bbox 1230 2657 1281 2710; x_wconf 87' lang='lat' dir='ltr'>euf</span> <span class='ocrx_word' id='word_1_275' title='bbox 1297 2657 1341 2712; x_wconf 87' lang='lat' dir='ltr'>die</span> 
     </span>
     <span class='ocr_line' id='line_1_29' title="bbox 163 2725 1341 2798; baseline 0.003 -20"><span class='ocrx_word' id='word_1_276' title='bbox 163 2741 227 2792; x_wconf 86' lang='lat' dir='ltr'>ner,</span> <span class='ocrx_word' id='word_1_277' title='bbox 260 2726 302 2780; x_wconf 78' lang='lat' dir='ltr'>als</span> <span class='ocrx_word' id='word_1_278' title='bbox 330 2725 651 2796; x_wconf 78' lang='lat' dir='ltr'>Gesehiohtssehreiber‚</span> <span class='ocrx_word' id='word_1_279' title='bbox 684 2729 726 2782; x_wconf 80' lang='lat' dir='ltr'>als</span> <span class='ocrx_word' id='word_1_280' title='bbox 779 2727 870 2798; x_wconf 79' lang='lat' dir='ltr'>Frage</span> <span class='ocrx_word' id='word_1_281' title='bbox 887 2727 936 2782; x_wconf 90' lang='lat' dir='ltr'>des</span> <span class='ocrx_word' id='word_1_282' title='bbox 952 2725 1144 2796; x_wconf 81' lang='lat' dir='ltr'>Chaerephon,</span> <span class='ocrx_word' id='word_1_283' title='bbox 1163 2728 1239 2782; x_wconf 84' lang='lat' dir='ltr'>eines</span> <span class='ocrx_word' id='word_1_284' title='bbox 1255 2727 1341 2782; x_wconf 85' lang='lat' dir='ltr'>Sohii·</span> 
     </span>
     <span class='ocr_line' id='line_1_30' title="bbox 165 2795 1425 2868; baseline 0.003 -19"><span class='ocrx_word' id='word_1_285' title='bbox 165 2795 343 2850; x_wconf 86' lang='lat' dir='ltr'>Beobeehter</span> <span class='ocrx_word' id='word_1_286' title='bbox 361 2796 411 2850; x_wconf 89' lang='lat' dir='ltr'>des</span> <span class='ocrx_word' id='word_1_287' title='bbox 428 2797 538 2852; x_wconf 87' lang='lat' dir='ltr'>Lebens</span> <span class='ocrx_word' id='word_1_288' title='bbox 557 2800 612 2867; x_wconf 88' lang='grc'>(24,</span> <span class='ocrx_word' id='word_1_289' title='bbox 632 2800 685 2867; x_wconf 85' lang='grc'>90).</span> <span class='ocrx_word' id='word_1_290' title='bbox 779 2798 835 2852; x_wconf 83' lang='lat' dir='ltr'>lere</span> <span class='ocrx_word' id='word_1_291' title='bbox 854 2815 910 2854; x_wconf 88' lang='lat' dir='ltr'>von</span> <span class='ocrx_word' id='word_1_292' title='bbox 928 2797 1069 2865; x_wconf 83' lang='lat' dir='ltr'>Sokretes,</span> <span class='ocrx_word' id='word_1_293' title='bbox 1084 2797 1341 2868; x_wconf 67' lang='lat' dir='ltr'>folgendermelsen</span> <span class='ocrx_word' id='word_1_294' title='bbox 1423 2821 1425 2826; x_wconf 61' lang='grc'>’</span> 
     </span>
     <span class='ocr_line' id='line_1_31' title="bbox 200 2867 1233 2938; baseline 0.001 -17"><span class='ocrx_word' id='word_1_295' title='bbox 200 2868 288 2922; x_wconf 78' lang='lat' dir='ltr'>melta</span> <span class='ocrx_word' id='word_1_296' title='bbox 306 2868 365 2922; x_wconf 83' lang='lat' dir='ltr'>er&#39;ue</span> <span class='ocrx_word' id='word_1_297' title='bbox 380 2913 386 2924; x_wconf 91' lang='lat'>.</span> <span class='ocrx_word' id='word_1_298' title='bbox 401 2911 407 2922; x_wconf 91' lang='lat'>.</span> <span class='ocrx_word' id='word_1_299' title='bbox 424 2909 430 2922; x_wconf 92' lang='lat'><strong>.</strong></span> <span class='ocrx_word' id='word_1_300' title='bbox 445 2869 562 2936; x_wconf 79' lang='lat' dir='ltr'>provisa</span> <span class='ocrx_word' id='word_1_301' title='bbox 576 2871 727 2937; x_wconf 76' lang='lat' dir='ltr'>prudenter</span> <span class='ocrx_word' id='word_1_302' title='bbox 781 2867 885 2938; x_wconf 82' lang='lat' dir='ltr'>(Schol.</span> <span class='ocrx_word' id='word_1_303' title='bbox 904 2869 941 2924; x_wconf 82' lang='lat' dir='ltr'>ed</span> <span class='ocrx_word' id='word_1_304' title='bbox 958 2869 1044 2924; x_wconf 82' lang='lat' dir='ltr'>Arist.</span> <span class='ocrx_word' id='word_1_305' title='bbox 1064 2869 1136 2923; x_wconf 87' lang='lat' dir='ltr'>Nub.</span> <span class='ocrx_word' id='word_1_306' title='bbox 1159 2873 1233 2937; x_wconf 87' lang='lat'>144):</span> 
     </span>
     <span class='ocr_line' id='line_1_32' title="bbox 164 2935 1339 3010; baseline 0.002 -18"><span class='ocrx_word' id='word_1_307' title='bbox 164 2940 205 2993; x_wconf 85' lang='lat' dir='ltr'>eet</span> <span class='ocrx_word' id='word_1_308' title='bbox 233 2943 297 2992; x_wconf 83' lang='lat' dir='ltr'>aete</span> <span class='ocrx_word' id='word_1_309' title='bbox 324 2943 479 2994; x_wconf 78' lang='lat' dir='ltr'>constanter</span> <span class='ocrx_word' id='word_1_310' title='bbox 506 2957 533 2996; x_wconf 88' lang='lat' dir='ltr'>u.</span> <span class='ocrx_word' id='word_1_311' title='bbox 557 2957 577 2995; x_wconf 86' lang='lat' dir='ltr'>s.</span> <span class='ocrx_word' id='word_1_312' title='bbox 601 2956 635 2993; x_wconf 84' lang='lat' dir='ltr'>w.</span> <span class='ocrx_word' id='word_1_313' title='bbox 673 2940 725 2994; x_wconf 86' lang='lat' dir='ltr'>Die</span> <span class='ocrx_word' id='word_1_314' title='bbox 781 2935 881 3007; x_wconf 77' lang='grc' dir='ltr'><strong>Σοφός</strong></span> <span class='ocrx_word' id='word_1_315' title='bbox 916 2940 1080 3010; x_wconf 75' lang='grc' dir='ltr'><strong><em>Σοφοκλῆς,</em></strong></span> <span class='ocrx_word' id='word_1_316' title='bbox 1118 2935 1277 3008; x_wconf 76' lang='grc' dir='ltr'><strong><em>σοφώτερος</em></strong></span> <span class='ocrx_word' id='word_1_317' title='bbox 1313 2935 1339 2994; x_wconf 80' lang='grc' dir='ltr'>δ’</span> 
     </span>
     <span class='ocr_line' id='line_1_33' title="bbox 162 3006 1299 3080; baseline 0.002 -18"><span class='ocrx_word' id='word_1_318' title='bbox 162 3008 335 3079; x_wconf 84' lang='lat' dir='ltr'>Pertieipien</span> <span class='ocrx_word' id='word_1_319' title='bbox 354 3008 416 3064; x_wconf 88' lang='lat' dir='ltr'>sind</span> <span class='ocrx_word' id='word_1_320' title='bbox 434 3010 475 3064; x_wconf 85' lang='lat' dir='ltr'>els</span> <span class='ocrx_word' id='word_1_321' title='bbox 494 3010 589 3065; x_wconf 88' lang='lat' dir='ltr'>solehe</span> <span class='ocrx_word' id='word_1_322' title='bbox 603 3010 657 3065; x_wconf 91' lang='lat' dir='ltr'>mit</span> <span class='ocrx_word' id='word_1_323' title='bbox 669 3010 726 3065; x_wconf 83' lang='lat' dir='ltr'>Ad·</span> <span class='ocrx_word' id='word_1_324' title='bbox 1136 3006 1299 3080; x_wconf 76' lang='grc' dir='ltr'><strong><em>Εὐριπίδης.</em></strong></span> 
     </span>
     <span class='ocr_line' id='line_1_34' title="bbox 163 3075 1339 3151; baseline 0.003 -17"><span class='ocrx_word' id='word_1_325' title='bbox 163 3079 279 3134; x_wconf 86' lang='lat' dir='ltr'>verbien</span> <span class='ocrx_word' id='word_1_326' title='bbox 298 3080 469 3150; x_wconf 83' lang='lat' dir='ltr'>verbunden,</span> <span class='ocrx_word' id='word_1_327' title='bbox 488 3081 580 3136; x_wconf 84' lang='lat' dir='ltr'>haben</span> <span class='ocrx_word' id='word_1_328' title='bbox 599 3082 666 3136; x_wconf 79' lang='lat' dir='ltr'>aber</span> <span class='ocrx_word' id='word_1_329' title='bbox 680 3100 725 3136; x_wconf 83' lang='lat' dir='ltr'>zu-</span> <span class='ocrx_word' id='word_1_330' title='bbox 777 3075 896 3150; x_wconf 78' lang='grc' dir='ltr'><strong><em>Ἀνδρῶν</em></strong></span> <span class='ocrx_word' id='word_1_331' title='bbox 922 3079 955 3136; x_wconf 71' lang='lat' dir='ltr'>dl</span> <span class='ocrx_word' id='word_1_332' title='bbox 977 3077 1092 3136; x_wconf 76' lang='grc' dir='ltr'><strong><em>πάντων</em></strong></span> <span class='ocrx_word' id='word_1_333' title='bbox 1115 3077 1269 3151; x_wconf 80' lang='grc' dir='ltr'><strong><em>Σωκράτης</em></strong></span> <span class='ocrx_word' id='word_1_334' title='bbox 1295 3099 1339 3137; x_wconf 90' lang='grc' dir='ltr'>σο-</span> 
     </span>
     <span class='ocr_line' id='line_1_35' title="bbox 164 3148 1273 3276; baseline 0.009 -72"><span class='ocrx_word' id='word_1_335' title='bbox 164 3151 268 3276; x_wconf 53' lang='grc' dir='ltr'>ἧΙεὶοΙι,</span> <span class='ocrx_word' id='word_1_336' title='bbox 281 3152 463 3221; x_wconf 82' lang='lat' dir='ltr'>wegenihrer</span> <span class='ocrx_word' id='word_1_337' title='bbox 471 3152 726 3209; x_wconf 76' lang='lat' dir='ltr'>substenhvisehen</span> <span class='ocrx_word' id='word_1_338' title='bbox 1136 3148 1273 3221; x_wconf 73' lang='grc' dir='ltr'><strong><em>φῶτατος.</em></strong></span> 
     </span>
     <span class='ocr_line' id='line_1_36' title="bbox 163 3222 1373 3348; baseline 0.003 -72"><span class='ocrx_word' id='word_1_339' title='bbox 163 3223 297 3348; x_wconf 65' lang='lat' dir='ltr'>Velltupp,</span> <span class='ocrx_word' id='word_1_340' title='bbox 312 3223 366 3278; x_wconf 88' lang='lat' dir='ltr'>den</span> <span class='ocrx_word' id='word_1_341' title='bbox 380 3222 500 3278; x_wconf 72' lang='lat' dir='ltr'>(tenetis</span> <span class='ocrx_word' id='word_1_342' title='bbox 517 3225 577 3278; x_wconf 81' lang='lat' dir='ltr'>eius</span> <span class='ocrx_word' id='word_1_343' title='bbox 593 3224 640 3280; x_wconf 88' lang='lat' dir='ltr'>bei</span> <span class='ocrx_word' id='word_1_344' title='bbox 657 3226 724 3280; x_wconf 86' lang='lat' dir='ltr'>sioh.</span> <span class='ocrx_word' id='word_1_345' title='bbox 815 3225 887 3279; x_wconf 78' lang='lat' dir='ltr'>hane</span> <span class='ocrx_word' id='word_1_346' title='bbox 909 3239 964 3278; x_wconf 77' lang='lat' dir='ltr'>esee</span> <span class='ocrx_word' id='word_1_347' title='bbox 985 3224 1017 3277; x_wconf 78' lang='lat' dir='ltr'>in</span> <span class='ocrx_word' id='word_1_348' title='bbox 1040 3228 1066 3278; x_wconf 86' lang='lat' dir='ltr'>te</span> <span class='ocrx_word' id='word_1_349' title='bbox 1087 3238 1146 3292; x_wconf 83' lang='lat' dir='ltr'>sep.</span> <span class='ocrx_word' id='word_1_350' title='bbox 1183 3222 1340 3280; x_wconf 84' lang='lat' dir='ltr'>Hierdureh</span> <span class='ocrx_word' id='word_1_351' title='bbox 1370 3267 1373 3272; x_wconf 87' lang='lat'><em>.</em></span> 
     </span>
     <span class='ocr_line' id='line_1_37' title="bbox 167 3311 1348 3438; baseline -0.002 -19"><span class='ocrx_word' id='word_1_352' title='bbox 167 3311 215 3430; x_wconf 61' lang='lat' dir='ltr'>til,</span> <span class='ocrx_word' id='word_1_353' title='bbox 237 3371 266 3434; x_wconf 87' lang='lat'>8,</span> <span class='ocrx_word' id='word_1_354' title='bbox 291 3370 319 3420; x_wconf 88' lang='lat'>1:</span> <span class='ocrx_word' id='word_1_355' title='bbox 347 3366 465 3435; x_wconf 72' lang='lat' dir='ltr'>epternac</span> <span class='ocrx_word' id='word_1_356' title='bbox 486 3368 584 3421; x_wconf 80' lang='lat' dir='ltr'>mentio</span> <span class='ocrx_word' id='word_1_357' title='bbox 607 3370 727 3438; x_wconf 80' lang='lat' dir='ltr'>eopitota</span> <span class='ocrx_word' id='word_1_358' title='bbox 781 3365 830 3420; x_wconf 89' lang='lat' dir='ltr'>der</span> <span class='ocrx_word' id='word_1_359' title='bbox 844 3364 956 3436; x_wconf 78' lang='lat' dir='ltr'>Anieng</span> <span class='ocrx_word' id='word_1_360' title='bbox 967 3365 1017 3419; x_wconf 88' lang='lat' dir='ltr'>der</span> <span class='ocrx_word' id='word_1_361' title='bbox 1025 3366 1143 3420; x_wconf 87' lang='lat' dir='ltr'>Periode</span> <span class='ocrx_word' id='word_1_362' title='bbox 1156 3366 1192 3420; x_wconf 82' lang='lat' dir='ltr'>Te</span> <span class='ocrx_word' id='word_1_363' title='bbox 1201 3372 1348 3422; x_wconf 48' lang='lat' dir='ltr'>autern...¹</span> 
     </span>
     <span class='ocr_line' id='line_1_38' title="bbox 163 3436 1337 3506; baseline 0.004 -18"><span class='ocrx_word' id='word_1_364' title='bbox 163 3451 221 3488; x_wconf 81' lang='lat' dir='ltr'>tere</span> <span class='ocrx_word' id='word_1_365' title='bbox 234 3436 351 3504; x_wconf 80' lang='lat' dir='ltr'>pridem.</span> <span class='ocrx_word' id='word_1_366' title='bbox 780 3437 942 3506; x_wconf 77' lang='lat' dir='ltr'>sapientem,</span> <span class='ocrx_word' id='word_1_367' title='bbox 965 3437 1015 3492; x_wconf 90' lang='lat' dir='ltr'>der</span> <span class='ocrx_word' id='word_1_368' title='bbox 1037 3436 1196 3506; x_wconf 76' lang='lat' dir='ltr'>gleiohfetlls</span> <span class='ocrx_word' id='word_1_369' title='bbox 1218 3455 1274 3492; x_wconf 87' lang='lat' dir='ltr'>von</span> <span class='ocrx_word' id='word_1_370' title='bbox 1293 3455 1337 3493; x_wconf 84' lang='lat' dir='ltr'>err-</span> 
     </span>
     <span class='ocr_line' id='line_1_39' title="bbox 164 3506 1340 3634; baseline 0.003 -73"><span class='ocrx_word' id='word_1_371' title='bbox 164 3507 403 3632; x_wconf 39' lang='grc' dir='ltr'>Ἦν,οὲριὲοιιιέιιὲἰθΙιι</span> <span class='ocrx_word' id='word_1_372' title='bbox 417 3506 653 3632; x_wconf 55' lang='lat' dir='ltr'>derdklestsirehen</span> <span class='ocrx_word' id='word_1_373' title='bbox 665 3507 727 3592; x_wconf 60' lang='lat' dir='ltr'>29st</span> <span class='ocrx_word' id='word_1_374' title='bbox 780 3508 905 3634; x_wconf 52' lang='lat' dir='ltr'>intrarant</span> <span class='ocrx_word' id='word_1_375' title='bbox 923 3507 1062 3632; x_wconf 68' lang='lat' dir='ltr'>ephtngt,</span> <span class='ocrx_word' id='word_1_376' title='bbox 1081 3509 1145 3562; x_wconf 90' lang='lat' dir='ltr'>dem</span> <span class='ocrx_word' id='word_1_377' title='bbox 1164 3507 1249 3564; x_wconf 82' lang='lat' dir='ltr'>Sinne</span> <span class='ocrx_word' id='word_1_378' title='bbox 1266 3510 1340 3564; x_wconf 82' lang='lat' dir='ltr'>noch</span> 
     </span>
     <span class='ocr_line' id='line_1_40' title="bbox 190 3594 1124 3636; baseline 0.002 -6"><span class='ocrx_word' id='word_1_379' title='bbox 190 3594 215 3630; x_wconf 81' lang='grc' dir='ltr'>ιι</span> <span class='ocrx_word' id='word_1_380' title='bbox 271 3594 305 3632; x_wconf 87' lang='lat' dir='ltr'>ue</span> <span class='ocrx_word' id='word_1_381' title='bbox 379 3595 446 3632; x_wconf 84' lang='lat' dir='ltr'>reu</span> <span class='ocrx_word' id='word_1_382' title='bbox 485 3595 519 3633; x_wconf 89' lang='lat' dir='ltr'>en</span> <span class='ocrx_word' id='word_1_383' title='bbox 548 3596 594 3634; x_wconf 80' lang='lat' dir='ltr'>rra</span> <span class='ocrx_word' id='word_1_384' title='bbox 611 3596 726 3636; x_wconf 81' lang='lat' dir='ltr'>nomena</span> <span class='ocrx_word' id='word_1_385' title='bbox 779 3596 832 3634; x_wconf 82' lang='lat' dir='ltr'>wie</span> <span class='ocrx_word' id='word_1_386' title='bbox 854 3597 883 3634; x_wconf 87' lang='lat' dir='ltr'>er</span> <span class='ocrx_word' id='word_1_387' title='bbox 901 3595 937 3633; x_wconf 85' lang='lat' dir='ltr'>eu</span> <span class='ocrx_word' id='word_1_388' title='bbox 970 3595 1124 3634; x_wconf 90' lang='lat' dir='ltr'>enommen.</span> 
     </span>
     <span class='ocr_line' id='line_1_41' title="bbox 162 3597 1160 3720; baseline 0.004 -17"><span class='ocrx_word' id='word_1_389' title='bbox 162 3649 330 3704; x_wconf 78' lang='lat' dir='ltr'>nobiliorum</span> <span class='ocrx_word' id='word_1_390' title='bbox 352 3647 424 3716; x_wconf 86' lang='lat' dir='ltr'>(hier</span> <span class='ocrx_word' id='word_1_391' title='bbox 448 3649 491 3702; x_wconf 85' lang='lat' dir='ltr'>M.</span> <span class='ocrx_word' id='word_1_392' title='bbox 511 3649 628 3705; x_wconf 78' lang='lat' dir='ltr'>Porcius</span> <span class='ocrx_word' id='word_1_393' title='bbox 646 3650 725 3720; x_wconf 85' lang='lat' dir='ltr'>Oete)</span> <span class='ocrx_word' id='word_1_394' title='bbox 814 3597 969 3718; x_wconf 70' lang='lat' dir='ltr'>inferioreeg,</span> <span class='ocrx_word' id='word_1_395' title='bbox 987 3667 1025 3704; x_wconf 83' lang='lat' dir='ltr'>en</span> <span class='ocrx_word' id='word_1_396' title='bbox 1042 3649 1160 3707; x_wconf 72' lang='lat' dir='ltr'>Meohtn</span> 
     </span>
     <span class='ocr_line' id='line_1_42' title="bbox 162 3718 1339 3789; baseline -0.001 -15"><span class='ocrx_word' id='word_1_397' title='bbox 162 3718 236 3774; x_wconf 87' lang='lat' dir='ltr'>noeh</span> <span class='ocrx_word' id='word_1_398' title='bbox 275 3719 486 3773; x_wconf 84' lang='lat' dir='ltr'>hinzutretende</span> <span class='ocrx_word' id='word_1_399' title='bbox 518 3719 632 3775; x_wconf 85' lang='lat' dir='ltr'>weitere</span> <span class='ocrx_word' id='word_1_400' title='bbox 662 3721 725 3776; x_wconf 92' lang='lat' dir='ltr'>Bei·</span> <span class='ocrx_word' id='word_1_401' title='bbox 815 3738 848 3777; x_wconf 78' lang='lat' dir='ltr'>err</span> <span class='ocrx_word' id='word_1_402' title='bbox 868 3722 930 3789; x_wconf 86' lang='lat' dir='ltr'>hoe,</span> <span class='ocrx_word' id='word_1_403' title='bbox 952 3721 1134 3777; x_wconf 86' lang='lat' dir='ltr'>hinweisend.</span> <span class='ocrx_word' id='word_1_404' title='bbox 1172 3720 1236 3789; x_wconf 81' lang='lat' dir='ltr'>Vgl.</span> <span class='ocrx_word' id='word_1_405' title='bbox 1256 3725 1285 3787; x_wconf 83' lang='lat'>9,</span> <span class='ocrx_word' id='word_1_406' title='bbox 1305 3727 1339 3774; x_wconf 87' lang='grc'>32</span> 
     </span>
     <span class='ocr_line' id='line_1_43' title="bbox 162 3787 1340 3862; baseline 0.002 -18"><span class='ocrx_word' id='word_1_407' title='bbox 162 3807 246 3845; x_wconf 81' lang='lat' dir='ltr'>neme</span> <span class='ocrx_word' id='word_1_408' title='bbox 260 3790 333 3858; x_wconf 88' lang='lat' dir='ltr'>(hier</span> <span class='ocrx_word' id='word_1_409' title='bbox 347 3789 476 3859; x_wconf 77' lang='lat' dir='ltr'>Sapiens)</span> <span class='ocrx_word' id='word_1_410' title='bbox 490 3787 571 3844; x_wconf 82' lang='lat' dir='ltr'>ni‘eht</span> <span class='ocrx_word' id='word_1_411' title='bbox 584 3807 726 3862; x_wconf 76' lang='lat' dir='ltr'>apponere,</span> <span class='ocrx_word' id='word_1_412' title='bbox 749 3824 752 3830; x_wconf 91' lang='lat'>·</span> <span class='ocrx_word' id='word_1_413' title='bbox 781 3793 839 3847; x_wconf 90' lang='lat' dir='ltr'>Pro</span> <span class='ocrx_word' id='word_1_414' title='bbox 863 3793 924 3859; x_wconf 72' lang='grc' dir='ltr'>Ιιοσς</span> <span class='ocrx_word' id='word_1_415' title='bbox 954 3794 989 3847; x_wconf 89' lang='lat' dir='ltr'>de</span> <span class='ocrx_word' id='word_1_416' title='bbox 1013 3809 1070 3848; x_wconf 89' lang='lat' dir='ltr'>sen.</span> <span class='ocrx_word' id='word_1_417' title='bbox 1095 3798 1124 3860; x_wconf 90' lang='grc'>2,</span> <span class='ocrx_word' id='word_1_418' title='bbox 1152 3797 1169 3845; x_wconf 89' lang='grc'>4</span> <span class='ocrx_word' id='word_1_419' title='bbox 1192 3791 1340 3846; x_wconf 79' lang='lat' dir='ltr'>Admire‘ri</span> 
     </span>
     <span class='ocr_line' id='line_1_44' title="bbox 164 3861 1303 3933; baseline 0.003 -19"><span class='ocrx_word' id='word_1_420' title='bbox 164 3861 285 3916; x_wconf 88' lang='lat' dir='ltr'>sondern</span> <span class='ocrx_word' id='word_1_421' title='bbox 308 3876 454 3933; x_wconf 78' lang='lat' dir='ltr'>copnerners</span> <span class='ocrx_word' id='word_1_422' title='bbox 471 3863 609 3931; x_wconf 80' lang='lat' dir='ltr'>genennt,</span> <span class='ocrx_word' id='word_1_423' title='bbox 632 3863 726 3932; x_wconf 84' lang='lat' dir='ltr'>gleieh</span> <span class='ocrx_word' id='word_1_424' title='bbox 779 3865 849 3919; x_wconf 81' lang='lat' dir='ltr'>soleo</span> <span class='ocrx_word' id='word_1_425' title='bbox 868 3880 928 3919; x_wconf 82' lang='lat' dir='ltr'>enm</span> <span class='ocrx_word' id='word_1_426' title='bbox 947 3865 997 3918; x_wconf 79' lang='lat' dir='ltr'>hoe</span> <span class='ocrx_word' id='word_1_427' title='bbox 1016 3863 1045 3918; x_wconf 83' lang='lat'>0.</span> <span class='ocrx_word' id='word_1_428' title='bbox 1065 3863 1162 3916; x_wconf 78' lang='lat' dir='ltr'>Laelio</span> <span class='ocrx_word' id='word_1_429' title='bbox 1180 3879 1206 3916; x_wconf 88' lang='lat' dir='ltr'>u.</span> <span class='ocrx_word' id='word_1_430' title='bbox 1228 3880 1249 3915; x_wconf 80' lang='lat' dir='ltr'>s,</span> <span class='ocrx_word' id='word_1_431' title='bbox 1268 3880 1303 3917; x_wconf 83' lang='lat' dir='ltr'>w.</span> 
     </span>
     <span class='ocr_line' id='line_1_45' title="bbox 165 3930 1340 4003; baseline 0.003 -19"><span class='ocrx_word' id='word_1_432' title='bbox 165 3930 229 3984; x_wconf 90' lang='lat' dir='ltr'>dem</span> <span class='ocrx_word' id='word_1_433' title='bbox 247 3931 352 3987; x_wconf 79' lang='lat' dir='ltr'>dritten</span> <span class='ocrx_word' id='word_1_434' title='bbox 370 3931 488 3988; x_wconf 80' lang='lat' dir='ltr'>uamen.</span> <span class='ocrx_word' id='word_1_435' title='bbox 525 3932 590 4002; x_wconf 83' lang='lat' dir='ltr'>Vgl.</span> <span class='ocrx_word' id='word_1_436' title='bbox 609 3932 668 3988; x_wconf 82' lang='lat' dir='ltr'>Cet.</span> <span class='ocrx_word' id='word_1_437' title='bbox 688 3952 724 3990; x_wconf 91' lang='lat' dir='ltr'>m.</span> <span class='ocrx_word' id='word_1_438' title='bbox 814 3935 914 3991; x_wconf 79' lang='lat' dir='ltr'>Nonio.</span> <span class='ocrx_word' id='word_1_439' title='bbox 942 3936 987 3988; x_wconf 90' lang='lat' dir='ltr'>An</span> <span class='ocrx_word' id='word_1_440' title='bbox 1005 3935 1111 3988; x_wconf 88' lang='lat' dir='ltr'>diesem</span> <span class='ocrx_word' id='word_1_441' title='bbox 1125 3931 1202 4002; x_wconf 82' lang='lat' dir='ltr'>Tege</span> <span class='ocrx_word' id='word_1_442' title='bbox 1215 3931 1340 4003; x_wconf 75' lang='lat' dir='ltr'>pllegten</span> 
     </span>
     <span class='ocr_line' id='line_1_46' title="bbox 164 4003 1338 4076; baseline 0.004 -22"><span class='ocrx_word' id='word_1_443' title='bbox 164 4007 190 4070; x_wconf 90' lang='grc'>2,</span> <span class='ocrx_word' id='word_1_444' title='bbox 210 4006 225 4054; x_wconf 80' lang='lat'><strong>5</strong></span> <span class='ocrx_word' id='word_1_445' title='bbox 244 4003 353 4059; x_wconf 67' lang='lat' dir='ltr'>oreiam</span> <span class='ocrx_word' id='word_1_446' title='bbox 376 4005 464 4075; x_wconf 76' lang='lat' dir='ltr'>diproa</span> <span class='ocrx_word' id='word_1_447' title='bbox 481 4008 546 4058; x_wconf 68' lang='lat' dir='ltr'>meet</span> <span class='ocrx_word' id='word_1_448' title='bbox 563 4005 724 4076; x_wconf 79' lang='lat' dir='ltr'>(sapientia)</span> <span class='ocrx_word' id='word_1_449' title='bbox 780 4004 826 4061; x_wconf 86' lang='lat' dir='ltr'>die</span> <span class='ocrx_word' id='word_1_450' title='bbox 840 4006 956 4076; x_wconf 77' lang='lat' dir='ltr'>Augurii</span> <span class='ocrx_word' id='word_1_451' title='bbox 974 4021 1136 4060; x_wconf 79' lang='lat' dir='ltr'>zusammen</span> <span class='ocrx_word' id='word_1_452' title='bbox 1149 4022 1184 4058; x_wconf 84' lang='lat' dir='ltr'>zu</span> <span class='ocrx_word' id='word_1_453' title='bbox 1197 4003 1338 4070; x_wconf 80' lang='lat' dir='ltr'>hominen,</span> 
     </span>
     <span class='ocr_line' id='line_1_47' title="bbox 164 4074 1339 4147; baseline 0.003 -22"><span class='ocrx_word' id='word_1_454' title='bbox 164 4076 258 4126; x_wconf 74' lang='lat' dir='ltr'>nostro</span> <span class='ocrx_word' id='word_1_455' title='bbox 276 4076 440 4144; x_wconf 81' lang='lat' dir='ltr'>copremine.</span> <span class='ocrx_word' id='word_1_456' title='bbox 471 4074 507 4129; x_wconf 86' lang='lat' dir='ltr'>So</span> <span class='ocrx_word' id='word_1_457' title='bbox 525 4074 620 4147; x_wconf 79' lang='lat' dir='ltr'>Frupr&#39;</span> <span class='ocrx_word' id='word_1_458' title='bbox 633 4075 722 4145; x_wconf 82' lang='lat' dir='ltr'>(Verr.</span> <span class='ocrx_word' id='word_1_459' title='bbox 778 4076 837 4130; x_wconf 88' lang='lat' dir='ltr'>und</span> <span class='ocrx_word' id='word_1_460' title='bbox 868 4093 941 4132; x_wconf 82' lang='lat' dir='ltr'>ewer</span> <span class='ocrx_word' id='word_1_461' title='bbox 969 4075 1128 4130; x_wconf 83' lang='lat' dir='ltr'>eusserhelb</span> <span class='ocrx_word' id='word_1_462' title='bbox 1157 4076 1257 4146; x_wconf 81' lang='lat' dir='ltr'>Rome,</span> <span class='ocrx_word' id='word_1_463' title='bbox 1289 4076 1339 4130; x_wconf 88' lang='lat' dir='ltr'>der</span> 
     </span>
     <span class='ocr_line' id='line_1_48' title="bbox 164 4144 1204 4218; baseline 0.005 -23"><span class='ocrx_word' id='word_1_464' title='bbox 164 4148 195 4211; x_wconf 88' lang='grc'>4,</span> <span class='ocrx_word' id='word_1_465' title='bbox 215 4147 264 4213; x_wconf 80' lang='grc'>25,</span> <span class='ocrx_word' id='word_1_466' title='bbox 283 4148 340 4212; x_wconf 76' lang='lat'><strong>57);</strong></span> <span class='ocrx_word' id='word_1_467' title='bbox 362 4147 519 4213; x_wconf 74' lang='lat' dir='ltr'>Africanos</span> <span class='ocrx_word' id='word_1_468' title='bbox 536 4145 583 4215; x_wconf 89' lang='lat' dir='ltr'>(de</span> <span class='ocrx_word' id='word_1_469' title='bbox 601 4163 632 4202; x_wconf 85' lang='lat' dir='ltr'>re</span> <span class='ocrx_word' id='word_1_470' title='bbox 650 4165 678 4218; x_wconf 93' lang='lat' dir='ltr'>p.</span> <span class='ocrx_word' id='word_1_471' title='bbox 698 4154 724 4218; x_wconf 88' lang='lat'>6,</span> <span class='ocrx_word' id='word_1_472' title='bbox 777 4144 929 4215; x_wconf 82' lang='lat' dir='ltr'>Auspieien</span> <span class='ocrx_word' id='word_1_473' title='bbox 948 4163 1052 4217; x_wconf 82' lang='lat' dir='ltr'>wegen.</span> <span class='ocrx_word' id='word_1_474' title='bbox 1201 4177 1204 4186; x_wconf 56' lang='grc' dir='ltr'>ι</span> 
     </span>
     <span class='ocr_line' id='line_1_49' title="bbox 167 4215 1336 4286; baseline 0.003 -17"><span class='ocrx_word' id='word_1_475' title='bbox 167 4231 189 4270; x_wconf 85' lang='lat' dir='ltr'>e.</span> <span class='ocrx_word' id='word_1_476' title='bbox 212 4219 259 4282; x_wconf 80' lang='lat'>113</span> <span class='ocrx_word' id='word_1_477' title='bbox 278 4230 329 4284; x_wconf 89' lang='lat' dir='ltr'>pro</span> <span class='ocrx_word' id='word_1_478' title='bbox 348 4215 454 4272; x_wconf 88' lang='lat' dir='ltr'>Muren.</span> <span class='ocrx_word' id='word_1_479' title='bbox 476 4223 517 4286; x_wconf 91' lang='lat'>14,</span> <span class='ocrx_word' id='word_1_480' title='bbox 536 4219 591 4286; x_wconf 84' lang='grc'>31),</span> <span class='ocrx_word' id='word_1_481' title='bbox 813 4218 906 4272; x_wconf 78' lang='lat' dir='ltr'>Bruti.</span> <span class='ocrx_word' id='word_1_482' title='bbox 944 4219 977 4274; x_wconf 86' lang='grc' dir='ltr'>Ι).</span> <span class='ocrx_word' id='word_1_483' title='bbox 998 4217 1094 4272; x_wconf 89' lang='lat' dir='ltr'>Iunius</span> <span class='ocrx_word' id='word_1_484' title='bbox 1112 4219 1215 4274; x_wconf 89' lang='lat' dir='ltr'>Brutus</span> <span class='ocrx_word' id='word_1_485' title='bbox 1234 4235 1293 4273; x_wconf 83' lang='lat' dir='ltr'>wer</span> <span class='ocrx_word' id='word_1_486' title='bbox 1312 4235 1336 4273; x_wconf 82' lang='lat' dir='ltr'>e.</span> 
     </span>
     <span class='ocr_line' id='line_1_50' title="bbox 153 4287 1112 4361; baseline 0.005 -22"><span class='ocrx_word' id='word_1_487' title='bbox 153 4299 172 4361; x_wconf 61' lang='grc' dir='ltr'><strong>χ</strong></span> <span class='ocrx_word' id='word_1_488' title='bbox 200 4289 256 4350; x_wconf 73' lang='lat'>§7-</span> <span class='ocrx_word' id='word_1_489' title='bbox 276 4287 463 4356; x_wconf 74' lang='lat' dir='ltr'>alioquentem</span> <span class='ocrx_word' id='word_1_490' title='bbox 476 4289 725 4347; x_wconf 82' lang='lat' dir='ltr'>mod0=ineiner</span> <span class='ocrx_word' id='word_1_491' title='bbox 781 4294 832 4345; x_wconf 81' lang='lat'>138</span> <span class='ocrx_word' id='word_1_492' title='bbox 852 4288 956 4345; x_wconf 75' lang='lat' dir='ltr'>Consul</span> <span class='ocrx_word' id='word_1_493' title='bbox 975 4305 1112 4359; x_wconf 77' lang='lat' dir='ltr'>genesen.</span> 
     </span>
     <span class='ocr_line' id='line_1_51' title="bbox 163 4355 1337 4430; baseline 0 -18"><span class='ocrx_word' id='word_1_494' title='bbox 163 4357 288 4412; x_wconf 78' lang='lat' dir='ltr'>anderen</span> <span class='ocrx_word' id='word_1_495' title='bbox 306 4355 473 4430; x_wconf 84' lang='lat' dir='ltr'>Beziehung.</span> <span class='ocrx_word' id='word_1_496' title='bbox 511 4359 548 4416; x_wconf 82' lang='lat' dir='ltr'>So</span> <span class='ocrx_word' id='word_1_497' title='bbox 571 4361 644 4416; x_wconf 83' lang='lat' dir='ltr'>ench</span> <span class='ocrx_word' id='word_1_498' title='bbox 664 4367 680 4428; x_wconf 68' lang='grc' dir='ltr'><strong><em>ξ</em></strong></span> <span class='ocrx_word' id='word_1_499' title='bbox 699 4369 722 4418; x_wconf 84' lang='grc'>6.</span> <span class='ocrx_word' id='word_1_500' title='bbox 814 4365 873 4426; x_wconf 74' lang='lat' dir='ltr'>§tt</span> <span class='ocrx_word' id='word_1_501' title='bbox 903 4359 931 4419; x_wconf 80' lang='lat'>0.</span> <span class='ocrx_word' id='word_1_502' title='bbox 950 4362 1037 4416; x_wconf 79' lang='lat' dir='ltr'>Laeli.</span> <span class='ocrx_word' id='word_1_503' title='bbox 1066 4361 1146 4416; x_wconf 88' lang='lat' dir='ltr'>Aueh</span> <span class='ocrx_word' id='word_1_504' title='bbox 1164 4359 1195 4415; x_wconf 88' lang='lat' dir='ltr'>in</span> <span class='ocrx_word' id='word_1_505' title='bbox 1212 4361 1337 4415; x_wconf 82' lang='lat' dir='ltr'>vertreu-</span> 
     </span>
    </p>
   </div>
   <div class='ocr_carea' id='block_1_7' title="bbox 290 3292 1340 3368">
    <p class='ocr_par' dir='ltr' id='par_1_8' title="bbox 290 3292 1340 3368">
     <span class='ocr_line' id='line_1_52' title="bbox 290 3292 1340 3368; baseline 0.003 -20"><span class='ocrx_word' id='word_1_506' title='bbox 290 3309 393 3348; x_wconf 81' lang='lat' dir='ltr'>anons</span> <span class='ocrx_word' id='word_1_507' title='bbox 410 3293 441 3348; x_wconf 87' lang='lat' dir='ltr'>in</span> <span class='ocrx_word' id='word_1_508' title='bbox 455 3293 510 3349; x_wconf 84' lang='lat' dir='ltr'>Cio.</span> <span class='ocrx_word' id='word_1_509' title='bbox 531 3295 612 3364; x_wconf 90' lang='lat' dir='ltr'>epist.</span> <span class='ocrx_word' id='word_1_510' title='bbox 633 3295 724 3368; x_wconf 79' lang='lat' dir='ltr'>[fem]</span> <span class='ocrx_word' id='word_1_511' title='bbox 779 3292 851 3347; x_wconf 83' lang='lat' dir='ltr'>wind</span> <span class='ocrx_word' id='word_1_512' title='bbox 869 3294 942 3348; x_wconf 83' lang='lat' dir='ltr'>neeh</span> <span class='ocrx_word' id='word_1_513' title='bbox 959 3293 1009 3348; x_wconf 88' lang='lat' dir='ltr'>der</span> <span class='ocrx_word' id='word_1_514' title='bbox 1022 3295 1156 3364; x_wconf 73' lang='lat' dir='ltr'>lengeren</span> <span class='ocrx_word' id='word_1_515' title='bbox 1169 3295 1340 3351; x_wconf 78' lang='lat' dir='ltr'>Perenthese</span> 
     </span>
    </p>
   </div>
   <div class='ocr_carea' id='block_1_8' title="bbox 0 0 1478 4758">
    <p class='ocr_par' dir='ltr' id='par_1_9' title="bbox 0 0 1478 4758">
     <span class='ocr_line' id='line_1_53' title="bbox 0 0 1478 4758; baseline 0 1"><span class='ocrx_word' id='word_1_516' title='bbox 0 0 1478 4758; x_wconf 95' lang='lat' dir='ltr'> </span> 
     </span>
    </p>
   </div>
  </div>
 </body>
</html>
