2946 4758
588 186 694 256 xxm,
713 186 889 257 erc-xxiv,
909 193 950 242 ee.
971 183 975 190 ·
1313 189 1357 252 55

177 365 317 435 tanquam
344 353 558 415 adminiculum
586 355 745 434 annititur,
773 354 853 433 quod
880 355 911 414 in
939 355 1118 416 amicissimo
1146 371 1266 433 quoque
1289 353 1355 416 dol·

178 451 473 592 mempheos&
497 549 566 592 cum
590 536 634 591 tot
657 531 750 608 signis
774 529 877 592 eadem
901 539 1007 591 natura
1029 529 1168 610 declaret,
1192 530 1264 610 quid
1285 529 1356 591 velit

174 623 316 701 anquirat
339 620 498 698 desideret,
523 627 621 680 tamen
645 616 888 684 obsurdescimus
912 621 1014 680 nescio
1038 638 1097 698 qno
1121 618 1209 678 modo
1233 637 1288 680 nec
1312 636 1355 700 ea,

174 729 254 789 quae
278 708 314 769 ab
338 727 372 768 ea
396 726 562 788 monemur,
585 706 730 767 audimus.
768 705 823 788 Est
842 709 921 769 enim
938 710 1040 768 uarius
1058 715 1090 768 et
1107 706 1263 786 multiplex
1281 725 1356 770 usus

174 800 325 859 amicitiae
343 795 513 875 multaeque
532 814 638 856 causae
654 797 858 874 suspicionum
873 797 1130 875 offensionumque
1145 795 1262 875 dantur,
1281 814 1356 874 quas

178 894 243 948 tum
258 888 378 963 evitare,
397 892 461 946 tnm
476 884 601 963 elevare,
621 891 684 945 turn
699 883 779 945 ferre
794 885 937 964 sapientis
952 892 1007 945 est.
1037 884 1099 945 Una
1112 883 1162 944 illa
1177 883 1355 945 sublevanda

178 976 302 1036 offensio
331 982 390 1053 est,
419 981 452 1034 ot
478 980 509 1033 et
539 972 653 1035 utilitas
676 974 707 1032 in
730 974 858 1035 amicitia
882 981 913 1033 et
935 973 1009 1034 tides
1031 975 1209 1034 retineatur:
1233 991 1302 1034 nam
1326 979 1356 1033 et

179 1063 321 1124 monendi
343 1063 431 1122 amici
454 1079 542 1141 saepe
567 1069 637 1125 sunt
660 1069 690 1122 et
712 1059 897 1142 obiurgandi,
921 1070 951 1122 et
968 1061 1041 1122 haec
1061 1060 1233 1140 accipienda
1251 1062 1355 1141 amice,

180 1170 249 1212 cum
275 1149 418 1212 benevole
447 1150 532 1211 bunt.
578 1147 637 1209 Sed
664 1151 766 1210 nescio
795 1168 854 1229 quo
882 1150 971 1210 modo
999 1168 1104 1210 verum
1132 1156 1191 1228 est,
1221 1148 1300 1228 qood
1323 1151 1402 1223 iuga

178 1239 289 1301 Andria
313 1238 467 1300 familiaris
490 1256 575 1299 meus
599 1237 683 1298 dicit:
926 1279 928 1287 ·

144 1381 147 1385 .
416 1325 596 1402 Obsequium
619 1290 746 1407 amtbac,
770 1309 1008 1388 oe'ritae”odirlm
1027 1318 1200 1414 peritii,

176 1415 302 1477 Molesta
326 1417 445 1494 veritas,
468 1414 615 1494 siquidem
638 1433 675 1474 ex
699 1433 733 1474 ea
755 1418 889 1504 nascitur·
910 1415 1020 1496 odium,
1044 1414 1123 1494 quod
1142 1411 1189 1475 est
1208 1433 1354 1476 vencnum

180 1506 340 1583 amicitiae,
365 1503 418 1564 sed
441 1502 618 1582 obsequium
642 1502 735 1564 multo
758 1503 921 1585 molestius,
946 1503 1024 1583 quod
1047 1505 1177 1583 peccatis
1196 1502 1353 1582 indulgens

177 1595 373 1672 praecipitem
397 1594 525 1652 amicum
548 1591 622 1651 ferri
645 1592 724 1652 sinit.
761 1591 885 1652 Maxima
909 1601 1008 1653 autem
1031 1590 1117 1671 culpa
1135 1594 1166 1652 in
1186 1611 1230 1674 eo,
1253 1594 1355 1670 quiet

180 1682 334 1742 veritatem
358 1688 535 1760 aspernatur
558 1688 589 1740 et
610 1681 642 1739 in
665 1679 800 1740 fraudem
824 1679 967 1759 obsequio
986 1680 1157 1760 impellitur.
1160 1699 1184 1784 p
1194 1679 1282 1740 Omni
1301 1682 1353 1760 igi·
1461 1699 1462 1705 ¹

178 1776 230 1830 tur
257 1768 313 1829 hac
337 1771 368 1828 in
392 1788 425 1828 re
449 1767 584 1828 habenda
607 1768 682 1828 ratio
706 1776 737 1828 et
760 1767 910 1848 diligentia
934 1778 992 1848 est,
1019 1772 1150 1848 primum
1174 1777 1207 1829 ut
1229 1771 1352 1830 monitio

174 1857 353 1938 acerbitate,
386 1857 493 1917 deinde
528 1863 561 1916 ut
591 1855 757 1936 obiurgatio
788 1856 966 1918 contumelia
995 1864 1101 1918 careat.
1147 1857 1181 1917 ln
1209 1856 1352 1936 obsequio

178 1954 291 2023 autem,
322 1947 463 2024 quoniam
488 1945 670 2005 Terentiano
698 1943 788 2006 verbo
816 1945 944 2006 libenter
973 1948 1098 2026 utimur,
1126 1947 1249 2006 comitas
1272 1947 1352 2025 assit,

173 2036 339 2094 assentatio
359 2034 497 2094 vitiorum
516 2031 645 2094 adiutrix
663 2033 769 2112 procul
783 2045 962 2115 amoveatur,
982 2053 1058 2114 quae
1072 2052 1132 2094 non
1147 2034 1235 2094 modo
1249 2036 1353 2115 amico,

211 2292 255 2344 Im
283 2296 325 2345 24.
351 2289 496 2360 Kapitel
522 2290 601 2345 fiihrb
628 2291 739 2346 Laelius
827 2293 960 2349 lrabemda.
1002 2294 1100 2348 Dieses
1126 2292 1251 2348 Verbum
1277 2291 1354 2362 parit

176 2361 322 2433 desjenige
352 2361 450 2416 weiter
478 2377 539 2428 aus,
569 2378 627 2415 was
654 2378 684 2416 er
708 2362 739 2416 in
792 2365 929 2419 nundchst
953 2383 1006 2418 nur
1030 2382 1065 2419 nu
1088 2365 1175 2431 ratim
1201 2363 1266 2417 derf
1285 2363 1353 2418 eber

175 2432 281 2488 betreff
314 2434 365 2488 der
400 2434 541 2487 amicitiae
571 2433 739 2502 capientium
792 2435 865 2488 euch
884 2452 917 2489 zu
935 2436 1081 2506 diligentia
1094 2436 1218 2504 benogen
1232 2435 1352 2504 werden,

171 2504 247 2559 oben
267 2505 327 2573 (13,
346 2506 392 2565 44)
411 2522 463 2558 nur
481 2503 550 2558 kurz
569 2503 739 2574 engedeutet
792 2504 829 2558 dn
848 2505 897 2560 das
916 2505 963 2560 bei
980 2506 1124 2561 leteterem
1142 2503 1295 2574 cigentlich
1309 2522 1352 2560 er·

175 2575 263 2629 hatte.
792 2575 1352 2646 werletespeziellereKompositum(ad-

97 2709 105 2722 ,
211 2645 264 2699 illa
284 2676 317 2685 -
336 2645 459 2712 offensio.
488 2630 597 2698 'Worin
623 2643 663 2698 sie
689 2644 738 2698 be·
791 2647 881 2702 bibere
891 2653 935 2716 25,
945 2652 990 2716 95)
1002 2647 1090 2702 durch
1100 2647 1155 2701 den
1164 2646 1351 2714 allgemeinen

175 2715 262 2784 steht,
277 2715 347 2768 wird
357 2715 385 2768 in
396 2715 451 2769 den
459 2714 610 2784 folgenden
619 2715 738 2769 Worten
791 2716 941 2772 husdrnck
966 2721 1107 2774 vertreten
1130 2718 1242 2773 werden
1265 2717 1351 2772 kann.

174 2802 242 2840 mam
255 2791 281 2840 et
293 2786 422 2840 monendi
435 2803 462 2839 u.
477 2803 498 2839 s.
514 2803 549 2839 w.
562 2786 736 2855 angegeben.
792 2787 828 2842 So
854 2787 910 2844 Cic.
936 2788 1014 2845 Verr.
1040 2795 1070 2858 5,
1086 2796 1146 2856 ·17‚
1174 2795 1208 2842 tt
1233 2787 1351 2844 Olaeocm

176 2887 210 2896 —
225 2856 321 2910 Dutch
337 2856 383 2911 die
398 2855 596 2925 Hinnntilgung
608 2872 665 2910 von
678 2873 738 2911 aaa
790 2859 911 2914 babuit
929 2865 1056 2915 armatam
1072 2860 1351 2931 diligentiamque

59 2965 63 2972 .
175 2927 246 2981 raird
256 2925 297 2981 sie
306 2943 357 2981 vor
367 2927 489 2981 anderen
499 2925 736 2996 hervorgehoben.
790 2931 970 2998 singularem.

210 3003 287 3063 §89-
324 2997 477 3063 familiario
494 3013 568 3051 meus
582 3022 616 3042 =
633 2997 667 3051 P.
689 2998 738 3052 Te·
868 3037 873 3048 .

173 3070 295 3134 renem,
317 3067 371 3122 mn
393 3069 458 3123 aem
481 3068 634 3122 cinnamon
657 3068 738 3136 Afer,
822 3053 953 3104 prmum·
992 3036 1020 3091 Β·
1039 3056 1072 3091 ²¹¹
1090 3041 1105 3103 5
1126 3042 1168 3091 1¹·

174 3140 239 3194 weil
251 3157 280 3195 er
290 3156 340 3194 eus
350 3138 497 3208 Karthago
508 3140 648 3206 stammte,
658 3139 735 3194 Frei·
825 3143 952 3207 monitio,
992 3135 1069 3206 ἅπαξ
1111 3137 1264 3212 λεγόμενον
1304 3143 1351 3198 bei

194 3211 335 3266 classener
345 3210 394 3265 des
404 3209 537 3264 Senatores
546 3210 576 3263 P.
588 3209 735 3264 Terentius
790 3209 901 3280 Cicero,
924 3213 996 3266 steti
1013 3213 1062 3268 des
1081 3213 1350 3283 gebritucblicheren

198 3299 313 3349 nemus,
332 3281 409 3336 surb
428 3281 459 3334 in
477 3282 527 3334 der
542 3280 626 3334 Brnce
645 3279 737 3335 seiner
789 3283 947 3338 admonitio.

172 3351 261 3406 Jahn
278 3368 304 3407 ἢ·
326 3358 385 3406 ¹⁶⁹·
418 3352 494 3422 (Vgl.
513 3352 559 3406 ‘¹5⁰
573 3351 736 3421 Einleitung
828 3389 1006 3444 Terentiano:
1019 3389 1142 3444 insciern
1152 3389 1248 3445 Cicero
1262 3389 1350 3445 durch
1456 3397 1457 3402 ’

172 3421 735 3562 eamren-nemen
789 3458 1349 3601 attendentemtertie

171 3563 388 3646 griechischen·
417 3563 533 3646 Dichter
574 3563 752 3646 §dependere
789 3602 891 3656 dmm
915 3603 975 3656 obse
1020 3604 1025 3615 ,
1131 3602 1149 3655 k

172 3633 491 3704 nachgebrldcbrsl,den
500 3634 587 3689 T1tel:
603 3633 731 3688 drehn·
976 3619 1072 3672 quium
1094 3619 1129 3672 80
1152 3619 1262 3657 Ommen
1281 3619 1347 3657 war·
1454 3679 1455 3698 γ

170 3703 460 3772 arrerinmeora).
478 3704 535 3758 ner
548 3704 610 3759 nter
624 3705 733 3760 arcione
788 3671 1001 3799 ffffifflss·
1017 3677 1146 3798 {pm
1162 3673 1349 3798 {Jssgmssg

169 3777 242 3859 uera
261 3776 336 3831 suec
349 3774 476 3830 aaaron
492 3780 556 3856 1,1‚
569 3781 612 3831 41.
629 3807 662 3816 -
676 3776 733 3830 nus
787 3814 834 3868 0„
865 3815 943 3868 „um
980 3762 1136 3868 fischo„
1169 3813 1218 3868 be,
1254 3812 1339 3868 Ha,
1452 3839 1454 3846 ,

170 3864 249 3902 emer
267 3847 390 3903 anderen
403 3847 542 3900 Komodre
556 3845 605 3900 des
619 3846 733 3915 Terenn,
835 3831 888 3895 ⁶4.
945 3857 950 3868 ·
1118 3885 1124 3898 .
1219 3905 1226 3920 ,
1299 3833 1348 3898 ‚¹¹¹
1453 3887 1454 3896 ,

172 3917 236 3971 dem
250 3917 414 3984 Eumachus,
433 3919 545 3972 werden
563 3919 650 3972 unten
663 3918 734 3973 zuei
786 3884 1166 4025 ffffihffzfffflzmeffit
1183 3901 1226 3940 ⁹⁸·
1254 3902 1348 3941 “mm

172 3987 462 4058 surrenangetuhrc:
487 3993 601 4057 ec‚ea;
621 3994 669 4056 ec,
689 3993 731 4044 ee.
847 3972 883 4025 Ψ
923 4013 966 4030 .,
1064 3999 1069 4011 ·

208 4058 240 4112 im
256 4060 596 4128 fraudem-impellitur.
625 4057 682 4114 Cic.
698 4059 732 4114 de
822 4063 935 4116 comitae
949 4063 1024 4116 assit.
1048 4060 1147 4116 Dieser
1158 4061 1222 4116 Seio
1233 4061 1272 4117 ist
1282 4063 1346 4118 dem
1451 4059 1453 4070 ⁴

172 4127 218 4183 off.
236 4135 259 4196 t,
274 4134 316 4197 26,
332 4135 364 4183 91
380 4132 529 4185 cavendum
543 4135 582 4186 eet
595 4147 629 4185 ae
642 4146 733 4202 aerem·
786 4131 937 4202 folgenden
961 4131 1010 4186 der
1028 4132 1112 4187 Form
1135 4133 1209 4187 nach
1232 4133 1346 4188 boardi·

172 4200 308 4254 tatoribus
330 4201 535 4269 patefaciamus
562 4203 641 4256 auris
668 4217 733 4256 nece
784 4203 867 4328 pieri,
886 4203 1019 4258 withrend
1038 4203 1150 4258 erdem
1170 4203 1253 4260 Sinne
1273 4205 1346 4260 nach

170 4271 287 4325 adulari
308 4286 358 4324 aas
380 4273 519 4339 sinamus,
541 4273 574 4327 ia
596 4289 649 4342 qao
666 4273 733 4340 falli
806 4276 865 4328 acte
879 4273 1069 4330 subordiniert
1082 4274 1143 4330 sein
1156 4275 1246 4331 sollen
1260 4276 1348 4345 (eiua
1441 4308 1448 4337 ·¹

170 4341 254 4409 facile
271 4345 326 4422 eet.¹
496 4410 498 4420 .
785 4344 838 4400 mit
855 4345 935 4414 licet.)
