2946 4758
137 175 182 241 so
311 147 315 156 ’
645 175 800 230 neamus

137 360 214 404 rum.
260 341 321 403 llcc
350 344 443 423 enim,
471 350 505 404 ut
527 342 562 404 ad
586 341 701 402 fabulas
723 341 859 424 redeam,
887 342 1006 403 Troiam
1030 341 1242 422 Neoptolemus
1266 363 1315 406 ca

137 449 210 510 pere
237 433 399 512 potuisset,
426 432 453 491 si
475 430 685 513 Lycomedem,
713 430 789 510 apud
819 449 907 509 quem
938 438 1002 491 erat
1026 429 1182 513 educatus,
1210 432 1318 494 multis

37 547 40 554 ·
138 537 207 580 cum
231 519 360 580 lacrimis
382 521 440 580 iter
463 539 550 582 sirum
569 519 779 598 impedientem
799 519 901 580 audire
920 495 1140 619 voluissetppblt
1159 537 1250 599 saepe
1269 523 1314 582 in·

138 607 243 669 cidunt
265 626 386 686 maguae
409 627 468 691 res,
491 619 525 670 ut
547 607 759 669 discedendum
784 610 823 667 sit
846 607 883 668 ab
906 610 1026 672 amicis:
1046 625 1119 686 quas
1143 611 1195 686 qui
1221 612 1317 690 impe·

139 695 204 756 dire
227 696 297 777 vult,
320 695 399 775 quod
423 696 604 758 desiderium
627 714 690 773 non
710 695 796 756 facile
817 697 903 777 ierat,
926 697 952 756 is
971 704 1002 756 et
1020 697 1156 757 infirmus
1176 707 1222 758 est
1241 699 1315 759 mol·

138 784 233 863 lisque
262 794 367 846 natura
395 792 426 845 et
454 785 491 846 ob
520 804 583 845 eam
612 787 706 863 ipsam
730 802 848 845 cansam
872 787 903 845 in
926 787 1054 846 amicitia
1078 803 1183 865 parum
1206 788 1314 849 iustus.

93 895 127 944 76
137 871 233 952 Atque
257 875 288 934 iu
311 876 392 933 omni
416 892 449 934 re
472 873 721 934 considerandum
745 881 798 954 est,
822 881 853 934 et
872 873 942 951 quid
960 873 1094 952 postules
1113 873 1150 932 ab
1170 877 1265 936 amico
1285 885 1317 936 et

138 961 207 1040 qnid
231 963 343 1040 patiare
367 980 382 1022 a
406 970 436 1022 te
459 956 645 1110 impetrariy

225 1049 301 1110 Xlll.
347 1049 401 1110 Est
431 1053 519 1111 etiam
550 1069 608 1129 qua
628 1051 693 1112 dam
725 1050 875 1111 calamitas
902 1051 942 1114 iu¹
961 1051 1100 1109 amicitiis
1129 1050 1315 1113 dimittendis

136 1157 196 1200 non
224 1157 377 1217 nunquam
406 1141 586 1200 necessaria:
618 1141 686 1198 iam
715 1141 808 1198 enim
836 1156 852 1198 a
876 1140 1094 1217 sapientium
1118 1139 1309 1200 familiari-

137 1225 275 1288 tatibus
316 1226 351 1287 ad
393 1232 536 1303 palpares
577 1229 757 1288 amicitias
799 1229 916 1287 oratio
958 1219 1081 1286 nostra
1120 1227 1303 1288 delabitur.

136 1315 306 1394 Erumpunt
325 1333 413 1394 saepe
432 1319 500 1377 vitia
521 1318 684 1376 amicorum
702 1327 766 1376 tum
786 1318 816 1374 in
831 1317 913 1394 ipsos
928 1317 1048 1395 amicae,
1068 1325 1131 1375 turn
1146 1317 1176 1375 in
1191 1315 1307 1396 alienos,

138 1421 266 1484 quorum
289 1411 387 1464 tamen
411 1404 447 1465 ad
470 1407 581 1465 amicos
604 1403 752 1464 redundet
774 1402 936 1494 infamiam
948 1403 1034 1463 Tales
1053 1405 1145 1481 igitur
1163 1405 1303 1464 amicitiae

138 1500 208 1556 sunt
226 1493 400 1552 remissione
421 1511 493 1554 usus
513 1491 655 1553 eluendae
672 1502 711 1573 et,
732 1500 766 1553 ut
781 1490 921 1552 Catonem
937 1492 1037 1552 dicere
1051 1492 1157 1566 audivi,
1177 1491 1307 1553 dissuen-

137 1581 191 1642 dae
214 1582 307 1658 magis
331 1599 419 1659 quam
443 1581 663 1662 discindendae,
686 1583 744 1640 nisi
768 1578 911 1658 quaedam
935 1579 1094 1665 admodum
1117 1579 1315 1641 intolerabilis

136 1671 245 1730 iniuria
265 1671 418 1750 exarserit,
438 1677 471 1730 ut
485 1688 582 1748 neque
597 1678 713 1730 rectum
728 1686 825 1748 neque
839 1667 999 1730 honestum
1015 1670 1053 1728 sit
1068 1687 1123 1729 neo
1137 1669 1203 1729 lieri
1217 1671 1314 1748 possit

91 1783 124 1831 ῃ
137 1766 171 1819 ιη
190 1765 252 1818 non·
270 1759 368 1818 statim
383 1757 520 1818 alienatio
535 1758 754 1836 disiunctioque
769 1756 906 1818 faciunda
920 1758 968 1817 sit.
1003 1756 1055 1816 Sin
1069 1765 1169 1817 autem
1184 1768 1235 1818 aut
1249 1776 1313 1818 mo·

137 1865 205 1907 rum
229 1854 280 1907 aut
302 1845 470 1906 studiorum
494 1847 686 1906 commutatio
711 1846 867 1925 quaedam,
892 1853 925 1905 nt
947 1846 1013 1905 lieri
1036 1845 1121 1925 solet,
1145 1847 1221 1906 iacta
1245 1848 1315 1927 erit,

138 1937 241 1996 autin
265 1937 309 1994 rei
333 1932 468 2013 publicae
492 1934 626 2015 partibus
650 1934 796 1994 dissensio
819 1935 1025 1994 intercesserit
1044 1965 1085 1976 —
1105 1933 1213 2012 loquor
1232 1937 1316 1996 euim
1451 1979 1452 1982 ,

137 2025 208 2105 iam,
236 2031 270 2084 nt
296 2023 384 2102 paulo
413 2032 481 2092 ante
509 2023 582 2098 dixi,
611 2041 670 2084 non
695 2022 731 2083 de
755 2024 942 2103 sapientium,
966 2022 1018 2082 sed
1043 2021 1079 2082 de
1103 2022 1317 2084 communibus
1450 2041 1453 2120 ¹,

138 2114 274 2172 amicitiis
302 2143 350 2192 -,
374 2112 536 2190 cavendum
560 2114 679 2172 eritne
703 2112 764 2171 non'
787 2110 883 2172 solum
905 2113 1051 2172 amicitiae
1075 2110 1235 2193 depositae,
1260 2111 1315 2172 sed

138 2203 225 2261 etiam
249 2202 421 2260 inimicitiae
446 2208 601 2279 susceptae
622 2199 786 2260 videantur.
823 2197 902 2258 Nihil
922 2207 967 2259 est
986 2202 1066 2258 enim
1087 2201 1205 2277 turpius
1224 2218 1317 2278 quam
1452 2245 1453 2248 ,

138 2307 206 2349 cum
235 2303 270 2348 eo
297 2287 408 2350 bellum
436 2307 555 2369 gerere,
585 2306 713 2367 quocum
742 2287 926 2348 familiariter
954 2289 1072 2348 vixeris.
1117 2287 1161 2348 Ab
1185 2289 1316 2349 amicitia
1452 2367 1454 2442 Α

138 2377 172 2448 Q.
200 2376 322 2456 Pompei
350 2395 417 2438 meo
445 2380 564 2438 nomine
592 2395 625 2437 se
653 2385 833 2457 removerat,
861 2385 895 2438 nt
918 2379 1014 2457 scitis,
1045 2376 1157 2457 Scipio;
1189 2387 1315 2456 propter
1449 2447 1452 2468 Ι

172 2571 186 2631 5
216 2572 257 2620 75.
293 2566 413 2632 fabulae.
456 2565 483 2620 S.
521 2583 554 2619 au
584 2571 629 2633 19,
664 2571 699 2619 70
789 2565 926 2618 eluendae.
955 2564 1021 2617 Man
1035 2563 1315 2619 erwarieivielmehr

137 2637 251 2706 sabulis.
754 2633 800 2688 ein
819 2633 900 2688 Wori
918 2651 973 2688 von
992 2634 1119 2688 weiierer
1138 2633 1313 2704 Bcdeuicng‚

172 2707 364 2774 Neoptolemus
381 2707 536 2776 (Pyrrhus),
555 2705 631 2759 Sohn
651 2705 699 2760 dea
754 2704 1312 2773 desseussegriffdanndurchdiseueadoe

135 2776 263 2832 Achilles
287 2776 346 2830 und
364 2777 414 2831 der
431 2776 586 2844 Deidamia,
605 2777 700 2831 wurde
754 2794 780 2831 u.
792 2795 812 2832 s.
823 2794 856 2830 w.
867 2777 956 2830 nibet
969 2775 1226 2833 bestimmtwiirda.
1245 2776 1312 2830 Dies

136 2848 183 2903 bei
206 2848 270 2903 dem
287 2847 376 2902 Vater
394 2848 444 2902 der
462 2849 610 2916 labiisnon,
636 2848 698 2902 dem
754 2845 1160 2915 batBrieger(Progr.Posen
1165 2845 1311 2918 Ι1873,8.9)

135 2919 246 2991 Kduige
263 2935 319 2974 von
337 2916 442 2988 Skyros
460 2919 634 2990 Lyhomedes,
657 2935 701 2973 er·
755 2917 920 2984 veranlalst,
943 2916 997 2970 mit
1019 2917 1138 2971 leichier
1160 2904 1312 2986 haderung

136 3007 324 3132 atarbii
338 2990 699 3115 inhibituri
751 2988 1308 3128 tittdiitiatllrs·linia

137 3149 305 3202 genommeu
332 3104 448 3187 ’werden
480 3132 594 3186 kounie.
631 3130 696 3200 Vgl.
751 3128 875 3184 schreibt
893 3129 1060 3200 diruendae]

135 3203 217 3258 Hom.
238 3201 334 3270 odyss.
355 3207 378 3272 t,
398 3208 511 3257 soe-9.
787 3205 863 3265 §li
897 3200 950 3254 Sim
968 3205 1057 3255 autem
1076 3196 1305 3256 out...i)iesem

172 3275 359 3342 impedientem
381 3267 435 3326 ¹ist
469 3275 502 3327 de
529 3277 630 3326 comata
664 3289 697 3325 nu
752 3273 845 3325 ersten
870 3276 920 3325 aui
943 3271 1098 3340 enispricht
1119 3271 1242 3326 nachher
1259 3269 1308 3323 oui

135 3344 292 3399 versichen.
338 3343 403 3412 Vgl.
440 3343 479 3396 im
511 3343 590 3396 verbo
617 3343 696 3410 finito
751 3343 782 3396 im
807 3343 849 3396 rei
869 3343 996 3408 publicae
1013 3343 1144 3411 partibus
1166 3361 1193 3396 u.
1217 3360 1238 3397 s.
1261 3358 1309 3406 w.;

137 3422 185 3483 25,
210 3420 244 3470 96
263 3417 398 3483 cooptatio
417 3414 589 3481 collepiormm
607 3418 696 3467 mom·
751 3412 808 3481 agl.
824 3411 933 3466 alabald
948 3412 993 3466 die
1007 3411 1110 3468 beiden
1121 3411 1176 3467 von
1187 3414 1218 3477 Q.
1228 3410 1310 3465 Pom·

135 3487 286 3554 ferebator3
315 3483 371 3539 (iic.
394 3483 526 3553 paradox.
550 3489 579 3552 6,
608 3489 639 3551 2,
662 3490 697 3538 48
749 3483 830 3552 peius
848 3483 905 3535 und
922 3500 977 3538 von
996 3484 1128 3538 Metellus
1145 3483 1311 3552 hergenom·

132 3558 282 3628 pecuniam
312 3555 432 3626 Pyrrhi,
459 3571 541 3624 quam
564 3553 697 3609 Fabricio
751 3569 852 3608 menen
889 3553 1036 3623 Beispiele.
1064 3585 1100 3596 —
1127 3552 1184 3607 Das
1216 3551 1310 3606 hinist

136 3631 228 3684 dabat.
751 3640 857 3679 moram
879 3625 1014 3679 stehenda
1037 3631 1089 3679 out
1106 3625 1232 3693 dagegen
1251 3620 1307 3674 eni-

174 3706 246 3767 §aa
270 3698 361 3766 Atque
371 3696 450 3751 dieni
458 3713 520 3749 zum
528 3695 698 3751 Abscblusse
752 3694 1308 3766 sprichidemqueinmorametmdiormm·

137 3771 186 3826 des
205 3769 381 3825 Gedanhens.
751 3784 811 3836 pue,
829 3767 882 3821 wie
902 3784 931 3822 es
950 3767 1021 3821 oben
1042 3773 1095 3836 (20,
1116 3767 1159 3832 74)
1177 3756 1268 3842 nense,
1294 3831 1301 3843 ι

172 3841 317 3896 delabitur.
354 3837 419 3907 Vgl.
440 3836 495 3893 Cio.
521 3839 593 3908 pari.
614 3855 652 3892 or.
671 3843 697 3908 4,
787 3843 818 3890 ut
827 3839 917 3906 poulo
933 3843 998 3893 octe
1008 3840 1034 3906 (ξ
1046 3845 1079 3893 76
1093 3833 1226 3906 palpares)
1237 3831 1309 3898 doxa,
1424 3859 1429 3870 ·

138 3917 171 3966 la
204 3917 254 3966 ami
286 3929 304 3966 a
335 3910 489 3964 minoribus
521 3911 558 3964 od
589 3912 697 3966 maiora
752 3909 809 3962 und
832 3909 956 3962 nachher
977 3914 1009 3963 ut
1029 3911 1112 3964 scitis.
1149 3903 1176 3959 S.
1199 3921 1233 3958 zu
1257 3905 1309 3968 §⁸

136 3983 322 4046 ascendimus,
353 3985 404 4035 aut
435 3998 454 4035 a
469 3981 632 4053 „maioribus
659 3983 697 4035 od
751 3984 782 4033 ut
800 3984 838 4034 eet
856 3980 966 4033 dictum.
1169 4039 1173 4046 ¹

135 4055 244 4108 minora
267 4053 427 4107 delabimur.
463 4052 587 4106 Ahnlicb
610 4056 696 4106 anien
788 4050 903 4118 Pompei
924 4079 959 4088 -
983 4048 1101 4103 Metello.
1121 4080 1154 4088 -
1177 4047 1207 4117 Q.
1230 4046 1311 4100 Pom·

137 4130 181 4194 26,
202 4129 253 4178 100
272 4124 388 4194 deducit
407 4124 505 4177 oratio.
746 4121 840 4190 paim,
868 4117 1030 4173 Grolsvaier
1051 4119 1100 4171 des
1124 4118 1206 4171 oben·
1220 4119 1261 4186 (1,
1284 4117 1312 4184 2)

173 4192 696 4260 odamicoaredomdeiimfamimdenn:
751 4191 925 4256 eraduntur,
957 4187 1056 4241 humili
1085 4193 1166 4256 atque
1197 4189 1312 4241 obscuro

136 4265 271 4321 Nosciter
284 4281 318 4320 ea
331 4266 420 4330 sociis,
434 4266 483 4333 qui
496 4263 697 4334 moncopmoaei-
752 4261 808 4314 loco
831 4263 914 4311 mutua
937 4256 1003 4326 (Cic.
1022 4256 1102 4312 Verr.
1121 4263 1153 4314 ὁ.
1177 4263 1225 4323 70,
1246 4261 1311 4322 181;

136 4341 184 4392 iar
201 4353 235 4391 ea:
252 4352 287 4391 ee.
751 4329 829 4382 Brut.
844 4332 887 4395 25,
906 4333 963 4399 96),
979 4342 1098 4396 gewann
1117 4327 1160 4380 als
1174 4327 1224 4380 der
1238 4325 1311 4379 erate
