2946 4758
186 195 231 259 42
694 195 850 251 nunnius

187 381 242 424 uec
266 362 423 424 observare
442 363 581 424 restricte
599 380 637 424 ne
656 361 724 442 pius
743 362 847 424 reddat
865 379 953 442 quiam
972 364 1135 442 acceperit:
1158 379 1256 441 neque
1278 365 1373 425 euim

187 451 350 513 verendum
374 460 474 514 estne
495 452 565 531 quid
585 451 700 514 excidat
718 458 770 513 aut
788 470 826 512 ue
845 450 917 530 quid
936 453 967 512 in
986 456 1095 512 terram
1118 449 1228 511 defluat
1247 459 1303 513 aut
1324 471 1372 513 ue

106 536 168 627 169
186 541 254 622 pius
277 559 371 620 aequo
393 538 466 621 occid
489 543 520 602 in
543 542 700 616 amicitiam
725 549 911 619 congeratur.
928 572 971 597 .-
993 540 1112 600 Tertius
1130 557 1200 600 vero
1219 539 1270 600 ille
1292 541 1371 602 finis

187 630 379 711 deterrimus,
402 639 448 710 ut,
472 631 576 708 quanti
598 631 724 709 quisque
748 631 868 709 seipse
891 629 991 710 iaciat,
1015 631 1089 690 tanti
1112 629 1162 689 fiat
1185 627 1221 690 ab
1245 632 1369 691 amicis.

188 718 281 800 Saepe
305 721 385 780 enim
408 721 439 780 in
463 717 639 798 quibusdam
662 725 714 780 aut
736 720 852 780 animus
871 717 1014 780 abiectior
1033 723 1079 778 est
1097 724 1148 778 aut
1166 735 1235 798 spes
1254 719 1369 798 ampli-

157 879 158 882 *
186 807 316 868 ficandae
340 809 477 870 fortunae
500 808 630 868 fractior.
667 806 733 868 Non
757 815 804 868 est
821 809 912 887 igitur
931 809 1023 868 amici
1036 805 1125 867 talem
1143 825 1208 867 esse
1227 809 1259 868 iu
1280 826 1368 890 eum,

188 897 282 976 qualis
309 897 358 958 iile
387 899 418 958 iu
442 915 473 958 se
497 905 553 976 est,
571 895 624 956 sed
646 898 747 975 potius
766 898 839 957 eniti
858 905 888 958 et
907 896 1035 978 efficere,
1054 903 1088 956 ut
1106 897 1193 956 amici
1211 898 1367 958 iacentem

187 988 316 1048 animum
340 988 450 1048 excitet
471 983 651 1064 inducatque
675 987 706 1046 in
730 1004 813 1066 spem
836 987 1104 1065 cogitationemque
1126 984 1292 1047 meliorem.
1323 1021 1384 1060 —s

187 1075 270 1135 Alius
292 1077 383 1154 igitur
412 1075 478 1135 finis
501 1091 588 1134 verae
612 1077 758 1136 amicitiae
782 1074 1008 1136 constituendus
1032 1081 1090 1154 est,
1113 1075 1139 1133 si
1161 1075 1263 1156 prius,
1288 1075 1363 1156 quid

186 1164 312 1224 maxime
343 1162 564 1242 reprehendere
595 1163 694 1242 Scipio
725 1163 830 1225 solitus
860 1167 911 1245 sit,
948 1164 1059 1224 dixero.
1105 1161 1238 1242 Negabat
1269 1164 1361 1226 ullam
1420 1211 1422 1218 ,

186 1270 289 1312 vocem
312 1253 508 1312 inimiciorem
532 1253 677 1314 amicitiae
700 1255 835 1333 potuisse
863 1255 989 1332 reperiri
1013 1270 1101 1331 quam
1131 1253 1210 1333 eius,
1240 1255 1288 1332 qui
1314 1253 1358 1314 di-

185 1343 278 1400 xisset
300 1342 341 1400 ita
366 1359 466 1402 amare
489 1352 641 1422 oportere,
664 1350 699 1402 ut
722 1344 746 1402 si
771 1341 926 1421 aliqnando
951 1348 1030 1402 esset
1053 1358 1177 1421 usurus3
1209 1359 1351 1402 necuere

187 1447 219 1489 se
241 1428 349 1490 adduci
371 1447 470 1512 posse,
492 1439 526 1491 ut
541 1428 614 1511 boc,
636 1449 726 1509 quem
750 1429 785 1490 ad
806 1430 924 1491 modum
943 1437 1108 1510 putaretur,
1127 1448 1143 1489 a
1162 1428 1260 1490 Biante
1280 1446 1344 1488 esse
1418 1502 1422 1506 .
1447 1485 1451 1502 ,

185 1517 298 1579 dictum
328 1519 478 1601 crederet,
510 1521 566 1599 qui·
591 1520 709 1599 sapiens
739 1518 857 1580 habitus
889 1526 969 1579 esset
998 1537 1077 1580 uurrs
1104 1537 1120 1578 e
1149 1529 1275 1598 septem3
1293 1519 1345 1577 im·
1437 1529 1451 1580 >

185 1609 255 1686 puri
278 1607 431 1668 cuiusdam
455 1619 506 1670 ant
528 1606 677 1669 ambitiosi
705 1616 757 1670 aut
783 1609 881 1668 omnia
909 1607 945 1667 ad
973 1626 1057 1668 snam
1084 1609 1247 1687 potentiam
1274 1625 1348 1666 reuo-
1443 1673 1448 1684 Ι

187 1698 280 1756 cautis
305 1713 370 1756 esse
394 1699 580 1778 senteutiam.
619 1696 753 1767 Quonam
774 1699 854 1758 euim
872 1697 959 1757 modo
980 1699 1136 1776 quisquam
1155 1699 1268 1757 amicus
1292 1713 1352 1757 esse

80 1823 83 1828 -
185 1787 296 1864 poterit
315 1787 352 1866 ei,
371 1787 420 1846 cui
438 1805 470 1846 se
489 1784 605 1866 putabit
623 1787 777 1847 inimicum
797 1804 862 1846 esse
880 1782 991 1865 posse?
1028 1785 1214 1856 Quinetiam
1234 1803 1355 1846 necasse

186 1876 244 1935 erit
273 1891 383 1954 cupere
416 1881 460 1936 et'
479 1879 595 1956 optare,
613 1876 665 1936 ut.
690 1893 778 1955 quam
809 1873 986 1954 saepissime
1010 1865 1127 1953 peccet
1143 1876 1270 1956 amicus,
1298 1893 1356 1953 quo

184 1963 286 2043 piures
309 1964 361 2024 det
384 1963 442 2024 sibi
464 1961 613 2044 tamquam
637 1967 723 2025 ansas
747 1963 782 2024 ad
802 1962 1095 2043 reprehendendum:
1117 1981 1239 2024 rursum
1258 1971 1356 2024 autem

157 2109 161 2118 ,
186 2061 267 2114 reete
290 2053 376 2118 sactis
400 2054 621 2134 commodisque
646 2057 955 2115 amicorum-necesse
978 2054 1036 2113 erit
1059 2053 1141 2130 augi,
1169 2051 1286 2133 dolere,
1314 2054 1355 2113 iu·

131 2145 166 2195 60
184 2141 293 2202 videre.
340 2142 403 2212 Oua
435 2160 468 2202 re
501 2143 557 2203 hoc
589 2143 710 2221 quidem
741 2150 946 2222 praeceptum,
964 2143 1191 2220 cuiuscumque
1225 2151 1285 2221 est,
1322 2141 1353 2202 ad

174 2229 342 2296 ,tollendam
366 2232 523 2290 amicitiam
547 2231 631 2291 vaiet:
658 2231 729 2292 iilud
756 2233 855 2308 potius
879 2230 1124 2309 praecipiundum
1147 2229 1212 2310 icit,
1234 2240 1269 2290 ut
1294 2249 1351 2292 eam
1423 2265 1444 2356 l

185 2317 364 2397 diligentiam
394 2316 602 2379 adhiberemus
631 2321 662 2379 in
692 2320 828 2379 amicitiis
858 2318 1076 2399 comparandis,
1106 2325 1141 2379 ut
1165 2337 1207 2379 ue
1239 2319 1355 2398 quando

184 2423 283 2466 amare
305 2408 507 2486 inciperemus
535 2426 617 2488 eum,
646 2427 736 2487 quem
764 2401 919 2487 aliquando
944 2407 1042 2467 odisse
1066 2425 1231 2487 possemus.
1276 2407 1352 2478 Quin

186 2497 274 2556 etiam
299 2497 323 2556 si
347 2498 446 2557 minus
469 2497 572 2558 felices
595 2500 626 2558 in
649 2496 804 2576 deligendo
828 2497 998 2577 fuissemus,
1021 2496 1178 2558 iereudum
1201 2496 1232 2557 id
1250 2495 1349 2575 Scipio
1429 2559 1432 2566 ,

184 2587 284 2662 potius
308 2602 395 2664 quam
419 2586 641 2646 inimicitiarum
664 2596 782 2665 tempus
806 2585 995 2664 cogitandum
1018 2585 1148 2664 putabet.
1201 2610 1205 2622 ·

183 2877 365 2950 Adjektivum
385 2879 459 2934 dioec
480 2879 510 2933 iu
533 2879 744 2950 tegelmeniger
796 2880 859 2934 dem
879 2879 1014 2948 Obilon,
1037 2879 1066 2934 iu
1091 2880 1147 2934 den
1164 2876 1260 2934 Mund.
1292 2878 1354 2950 Vgl.
1455 2879 1456 2888 ’

183 2950 279 3005 Weiae
297 2951 419 3018 divitior,
437 2951 625 3007 diuitissimos.
663 2953 743 3007 Auch
796 2969 829 3004 zu
848 2957 873 3021 2,
894 2959 907 3004 7
927 2952 976 3020 qui
993 2957 1090 3020 septem
1109 2953 1293 3020 appellantur.

96 3027 101 3038 '
183 3021 240 3077 Cic.
264 3021 396 3092 paradox.
425 3021 504 3077 stoic.
535 3029 563 3092 6,
590 3029 619 3091 2,
647 3028 681 3077 48
706 3025 744 3078 ist
831 3023 857 3076 si
875 3023 1034 3092 aliqnando.
1073 3022 1098 3078 S.
1118 3023 1350 3088 2252781111-

183 3093 364 3148 diuitissimos
390 3093 439 3149 der
466 3093 564 3149 Lesart
592 3094 743 3150 ditissimos
796 3109 880 3162 quem,
1346 3131 1353 3150 .

182 3163 373 3234 vorzuciehen.
831 3165 936 3234 impasti
955 3164 1106 3220 cuiusdam.
1127 3163 1153 3220 S.
1168 3169 1229 3228 cus
1244 3169 1278 3216 21
1295 3166 1349 3234 qoi-

218 3236 347 3291 reetriete.
386 3235 426 3291 So·
447 3235 502 3292 cte.
522 3235 557 3291 de
580 3237 635 3306 leg.
655 3243 681 3305 2,
701 3243 742 3306 18,
796 3236 861 3290 dam
878 3237 958 3290 docti.
1455 3233 1456 3242 ’

183 3312 230 3371 45ς
256 3305 291 3359 de
313 3323 343 3360 re
365 3324 392 3376 p.
417 3313 450 3376 3,
473 3314 498 3361 4.
534 3307 608 3378 Das,
618 3307 744 3378 Simplex
834 3307 1008 3376 Quinetiam
1025 3321 1128 3361 necesse
1144 3323 1170 3358 u.
1190 3322 1211 3358 e.
1231 3321 1265 3360 w.
1303 3305 1353 3359 Mic

183 3375 268 3432 heiist
294 3375 341 3430 bei
376 3376 473 3432 Cicero
499 3378 633 3444 strictim,
664 3380 744 3434 nicht
797 3377 888 3432 dieser
904 3377 1092 3456 Beheuptung
1104 3377 1173 3448 geht
1186 3375 1232 3430 die
1245 3375 1351 3432 Wider-

182 3449 281 3503 stride.
796 3449 901 3518 leguug
919 3465 953 3501 cu
971 3447 1046 3503 weit.

218 3519 328 3574 excidat
346 3523 396 3573 aut
409 3520 520 3587 deficat,
535 3521 608 3574 -ut
620 3520 650 3574 iu
664 3537 739 3575 meu·
832 3523 926 3587 optare
956 3519 1060 3574 beruhb
1090 3519 1141 3574 cui
1165 3517 1347 3585 verniicftiger

183 3591 254 3646 suris
273 3588 415 3643 aridorum
432 3590 644 3660 fluidorumque.
797 3589 956 3659 Erwitgung
975 3589 1032 3659 (die
1050 3591 1137 3645 etwas
1155 3591 1201 3644 fiir
1218 3591 1266 3644 dee
1283 3587 1344 3654 opti·

218 3667 293 3728 §59.
313 3662 430 3716 inducat
446 3663 479 3715 ic
495 3677 575 3731 spem.
604 3661 666 3732 Vgl.
687 3662 743 3720 Cic.
796 3677 870 3716 annm
880 3660 960 3731 halt),
971 3678 1067 3731 cupere
1077 3662 1198 3716 cuidem
1212 3654 1342 3715 unmittcl-

183 3733 218 3788 de
237 3731 283 3789 off.
303 3739 334 3801 2,
355 3738 401 3798 15,
421 3737 453 3786 53
477 3749 546 3802 quoe
568 3736 593 3787 te
615 3734 689 3788 ratic
711 3735 744 3788 in
797 3733 884 3788 baren
897 3732 1010 3802 Drange
1025 3731 1074 3787 des
1088 3731 1265 3802 Verleugens.
1283 3724 1348 3795 Vgi..

182 3807 263 3861 mane
280 3821 354 3875 spem
371 3805 492 3860 inducit.
797 3799 870 3858 κατὰ
890 3803 982 3872 φρένα
1001 3803 1049 3858 aeci
1067 3799 1141 3858 κατὰ
1159 3795 1261 3874 θυμόν.

218 3876 244 3930 si
259 3877 340 3944 price
359 3905 392 3915 —
411 3876 514 3932 dicero.
538 3874 636 3931 Dieser
652 3877 742 3932 vierte
831 3881 901 3930 recte
918 3875 1001 3942 foetis
1023 3891 1044 3931 c.
1063 3891 1088 3943 p.
1103 3899 1138 3920 =
1156 3875 1222 3932 abl:
1234 3887 1306 3929 ecus.
1320 3899 1349 3910 -

182 3948 248 4014 finis
266 3947 348 4015 wird,
367 3946 542 4003 ela'ebsolut
558 3947 742 4015 verweri'iieh,
796 3946 847 4000 Die
876 3946 970 4001 Verba
997 3946 1075 4013 copi,
1105 3947 1207 4013 dotare,
1236 3942 1350 4001 incidere

181 4035 235 4071 nur
253 4017 386 4088 beiliaufig
405 4019 621 4090 necbgetregen.
796 4018 859 4073 siud
877 4017 990 4072 absolut
1008 4014 1170 4085 gebraucht.

218 4090 260 4142 ita
278 4105 371 4143 cruore
389 4095 511 4158 oportere
528 4108 554 4146 u.
566 4109 586 4146 a.
597 4093 633 4145 w?
651 4115 686 4136 =
705 4086 743 4153 ὡς
771 4121 775 4134 ·
832 4093 848 4154 t
867 4094 908 4144 60.
928 4087 1104 4154 circopetici
1114 4086 1350 4156 praeecffimadom.

183 4160 231 4214 dei
248 4163 342 4227 φιλεῖν
361 4155 398 4222 ὡς
416 4157 570 4230 μισήσοντα
584 4162 632 4216 aeci
651 4167 743 4234 μισεῖν
798 4160 902 4231 801101]ι
917 4157 1003 4212 Solon
1030 4157 1120 4212 iehxte
1149 4158 1250 4228 (Diogm
1263 4157 1349 4240 [caepi.

183 4225 221 4293 ὡς
235 4226 398 4299 φιλήσαντα.
414 4262 447 4272 -
462 4231 569 4287 Gellius
583 4235 668 4303 (noct.
683 4231 743 4288 Abi.
799 4236 823 4296 1,
848 4232 905 4298 60):
931 4229 1031 4295 φίλους
1054 4223 1091 4297 μὴ
1115 4223 1185 4298 cupri
1213 4227 1281 4282 κτῶ·
1306 4243 1351 4286 ovs

184 4308 213 4372 1,
239 4308 269 4371 3,
293 4306 338 4370 30)
366 4302 426 4371 legi
457 4303 608 4358 denselben
635 4303 744 4374 Spruch
798 4297 827 4354 d’
848 4294 885 4352 dv
903 4294 999 4369 κτήσῃ,
1018 4294 1055 4368 μὴ
1075 4295 1275 4378 ἀποδοκίμαζε..

182 4373 274 4428 einem
293 4371 415 4428 anderen
434 4374 484 4428 der
507 4373 603 4430 sieben
621 4374 744 4442 Weisen,
833 4372 865 4425 in
883 4370 1031 4438 deiipeccio.
1052 4368 1111 4423 Soli
1125 4369 1175 4422 der
1189 4365 1295 4438 Begrxff
1305 4364 1351 4418 det
