2946 4758
211 219 255 281 48
471 217 475 228 ·
548 181 555 196 '
718 215 874 270 nunnius
910 292 913 298 Ι

212 396 258 445 ter
285 385 503 462 ignorationem
530 386 633 463 stirpis
661 392 692 445 et
718 385 837 462 generis
864 384 896 443 in
919 381 1060 468 famulatu
1082 383 1215 462 luerunt,
1239 401 1312 444 eum
1334 406 1376 446 co-

211 475 286 552 gniti
313 481 384 533 sunt
411 481 441 533 et
470 481 520 534 aut
542 472 667 533 deorum
690 483 742 533 aut
764 489 868 550 regum
891 471 944 531 lilii
971 473 1096 550 inventi,
1124 473 1259 532 retinent
1288 481 1379 536 tamen

212 563 365 622 caritatem
396 563 428 621 in
459 570 608 642 pastores,
641 579 716 641 quos
748 570 848 640 patres
879 558 989 621 multos
1016 577 1109 622 annos
1138 577 1205 620 esse
1234 559 1376 626 duxerint.

213 649 299 720 Quod
328 658 373 710 est
395 649 489 710 multo
511 651 645 729 prolecto
669 652 762 729 magis
784 651 815 709 in
839 650 919 709 reris
941 648 1076 728 patribus
1099 649 1253 726 certisque
1278 651 1376 713 facien·

213 738 291 799 dum.
336 737 465 800 Fructus
488 742 567 801 enlm
590 740 701 818 ingenii
724 746 754 798 et
776 740 896 800 virtutis
919 738 1075 817 omnisque
1098 741 1301 816 praestantiae
1321 752 1374 802 tum

214 829 358 888 maximus
382 830 506 909 capitur,
530 845 599 888 cum
621 829 653 888 in
675 829 844 906 proximum
867 843 1016 905 quemque
1039 827 1202 887 confertur.

170 926 202 975 ιι
301 913 364 976 XX.
410 915 449 976 Ut
471 919 563 995 igitur
584 919 615 998 ii,
641 919 692 994 qui
715 919 838 977 suntin
861 917 1007 977 amicitiae
1030 915 1307 997 coniunctionisque
1324 937 1364 978 ue·

212 1005 395 1066 ceseitudine
424 1007 607 1084 superioreS,
635 1023 801 1084 exaequare
826 1023 857 1065 se
882 1021 950 1064 cerm
973 1002 1166 1065 inferioribus
1189 1003 1310 1088 dehent,
1334 1010 1365 1067 sic

210 1094 371 1155 inferiores
389 1112 450 1154 non
468 1094 569 1154 dolere
589 1111 621 1154 se
640 1113 656 1154 a
676 1096 738 1155 suis
757 1101 808 1155 aut
825 1094 945 1172 ingenio
965 1102 1016 1153 aut
1034 1093 1154 1153 lortuna
1172 1102 1223 1154 aut
1240 1093 1371 1174 dignitate

211 1185 356 1262 superari.
397 1182 531 1253 Quorum
553 1183 689 1262 plerique
708 1192 759 1244 aut
777 1189 945 1259 queruntur
964 1175 1082 1262 semper
1101 1180 1210 1260 aliquid
1226 1187 1372 1244 autetiam

121 1273 126 1284 ¹
211 1271 404 1350 exprobrant,
437 1290 532 1350 eoque
560 1274 677 1352 magis‚·
698 1274 723 1332 si
751 1270 861 1332 habere
889 1288 921 1331 se
949 1278 1055 1350 putant
1084 1269 1164 1349 quod
1191 1270 1313 1330 officiose
1342 1281 1370 1332 et

212 1361 305 1420 amice
333 1369 363 1419 et
390 1378 458 1421 cum
484 1360 585 1421 labore
615 1360 713 1440 aliquo
741 1378 795 1421 suo
823 1360 934 1420 lactum
963 1368 1073 1438 queant
1100 1357 1214 1419 dicere:
1239 1358 1365 1419 odiosum

212 1465 282 1508 sane
305 1466 400 1526 genus
421 1450 576 1511 hominum
599 1449 695 1510 officia
717 1447 974 1528 exprobrantium,
1002 1465 1078 1528 quae
1102 1450 1223 1508 memim
1252 1446 1362 1508 edebet

168 1539 250 1615 ieie,
278 1539 310 1596 in
338 1555 427 1617 quem
454 1537 558 1599 collata
582 1548 665 1620 sunt,
692 1555 753 1598 non
777 1554 1009 1597 commemorare
1033 1539 1085 1616 qui
1107 1534 1251 1611 contulit,
1284 1535 1367 1606 Quam

67 1625 69 1630 '
212 1624 347 1706 ohgrem,
369 1636 404 1687 ut
425 1629 455 1706 ii,
479 1629 531 1706 qui
554 1628 725 1705 superiores
748 1637 827 1706 sunt,
850 1624 1026 1687 submittere
1046 1617 1082 1686 se
1105 1625 1216 1685 dehent
1232 1626 1265 1685 in
1284 1627 1371 1685 amici·

213 1716 270 1795 tia,
294 1716 336 1774 sie
359 1714 488 1794 quodam
510 1715 598 1775 modo
619 1715 778 1798 inferiores
802 1733 834 1775 se
859 1714 1008 1775 extollere.
1056 1713 1132 1775 Sunt
1154 1715 1234 1774 euim
1257 1713 1376 1792 quidam,

214 1805 267 1881 qni
289 1801 429 1864 molestas
453 1806 598 1864 amicitias·
618 1803 739 1884 faciunt,
763 1822 832 1864 cum
853 1806 911 1883 ipsi
934 1821 966 1864 se
990 1805 1140 1864 contemni
1161 1810 1282 1882 putant:
1305 1803 1379 1882 quod

212 1909 273 1952 non
297 1892 360 1952 lere
383 1895 529 1972 contingit
551 1894 610 1954 nisi
632 1894 678 1973 iis,
702 1895 753 1970 qui
776 1894 865 1953 etiam
888 1892 1121 1952 contemnendos
1140 1908 1173 1950 se
1192 1891 1379 1970 arbitrantur,
1420 1965 1421 1968 Ἴ

213 1981 266 2057 qui
287 1980 343 2041 hac
366 1983 506 2061 opinione
528 1982 700 2066 nonmodo
723 1980 835 2063 verbis,
864 1979 916 2041 scd
940 1983 1029 2041 etiam
1052 1998 1142 2060 opere
1165 1979 1292 2041 levandi
1307 1990 1378 2041 sunt.
1420 1975 1421 2012 l

165 2067 338 2130 serentum
360 2079 459 2131 autem
483 2073 590 2149 cuique
613 2069 819 2145 tribuendum,
846 2072 977 2149 primum
1004 2079 1149 2149 quantum
1175 2070 1239 2147 ipse
1265 2069 1380 2130 efficere

209 2159 316 2238 possis,
339 2157 446 2218 deinde
469 2163 557 2219 etiam
582 2169 726 2238 quantum
746 2158 806 2238 ille,
828 2177 919 2238 quem
937 2157 1041 2237 diligas
1060 2167 1148 2236 atque
1168 2155 1300 2238 adiuves,
1321 2177 1379 2220 sue·
1420 2223 1421 2230 χ

210 2247 315 2308 tinere.
361 2246 427 2307 Non
450 2250 530 2307 enim
553 2265 650 2327 neque
674 2257 707 2308 tu
729 2250 840 2328 possis,
864 2249 998 2326 quamvis
1021 2245 1161 2327 escedas,
1184 2263 1288 2306 omnes
1315 2257 1378 2308 tuos
1420 2249 1421 2328 l

209 2467 319 2524 beides:
348 2469 399 2524 das
418 2459 527 2525 ‘Gebiet
555 2471 605 2525 der
631 2471 703 2542 Saga
730 2471 770 2525 im
797 2465 798 2468 ’
860 2475 968 2539 queant.
1006 2469 1032 2523 S.
1052 2487 1086 2523 nu
1104 2475 1119 2535 ἕ
1138 2476 1172 2524 41
1192 2485 1249 2524 nan
1267 2488 1345 2539 gneo.
1420 2483 1421 2508 l

210 2539 398 2608 allgemeinen
429 2540 487 2594 und
519 2541 635 2611 speeiell
666 2543 770 2597 Schau-
859 2542 982 2595 odiosum
994 2556 1087 2610 perans.
1108 2541 1134 2594 S.
1149 2543 1385 2613 au56'lindipna

210 2609 306 2680 spiele.
823 2613 968 2666 dubitatio.

245 2682 341 2749 stirpis
367 2681 448 2736 waiet
475 2681 525 2735 auf
545 2683 591 2736 die
614 2683 770 2738 uatiirliche
859 2682 953 2748 officia
975 2683 1206 2752 exprobrantium.
1244 2681 1311 2754 Vgl.
1331 2683 1382 2738 Do

209 2752 418 2822 Abstammung
440 2752 503 2819 hin;
525 2755 631 2822 generis
654 2753 705 2808 auf
724 2753 769 2809 die
823 2753 924 2810 mosih.
952 2753 987 2808 de
1015 2769 1107 2808 corone
1135 2759 1187 2809 269
1214 2748 1246 2808 τὸ
1277 2753 1311 2810 δὲ
1335 2750 1386 2817 τὰς

210 2821 313 2877 sociale
339 2823 480 2892 Stellupg,
505 2825 611 2879 welche
634 2825 771 2888 euchbei
824 2823 899 2886 ἰδίας
917 2819 1081 2893 εὐεργεσίας
1094 2819 1321 2912 ὑπομιμνῄσκειν
1336 2828 1386 2881 καὶ

210 2893 275 2948 dem
297 2893 459 2948 Araedrncke
485 2895 638 2961 famulatus
663 2897 694 2950 in
716 2896 771 2951 den
822 2893 916 2965 λέγειν
939 2896 1040 2965 μικροῦ
1063 2898 1125 2949 dciv
1148 2914 1249 2966 operor
1268 2891 1329 2951 dore
1347 2898 1387 2968 τῷ
1420 2899 1421 2974 l

210 2965 498 3035 Vordergrundtriilt3
512 2967 770 3022 wahrendserea'lus
823 2962 1027 3032 desselgem
1064 2965 1143 3020 Brief
1172 2966 1222 3022 des
1249 2967 1388 3035 Jakobus,

211 3035 257 3089 die
289 3037 532 3092 staatsrechiliche
561 3037 690 3108 Stellung
721 3039 770 3093 der
826 3042 880 3104 1‚5
899 3037 957 3092 der
976 3037 1387 3110 degiebtelnliiltiglich

211 3105 528 3163 Sklavenhervorhebt.
560 3161 562 3167 ,
820 3108 1023 3178 jedermenn
1049 3105 1116 3162 und
1142 3110 1280 3164 riiclreis
1306 3110 1387 3162 nie·
1420 3111 1421 3126 ¹

246 3178 385 3233 donnini.
427 3178 484 3233 Der
505 3178 588 3250 Konj.
615 3179 694 3248 globi
716 3180 770 3234 den
822 3180 922 3233 mund
937 3179 987 3234 anf
999 3179 1058 3248 (καὶ
1072 3173 1109 3249 μὴ
1125 3174 1382 3248 ὀνειδίζοντος).

211 3246 308 3301 Gruud
336 3264 372 3302 nn
399 3249 444 3302 fiir
471 3251 516 3304 die
539 3251 694 3306 Fortdeuer
720 3251 770 3306 der
858 3255 935 3314 572.
967 3252 1084 3320 quodam
1097 3252 1176 3306 modo
1190 3247 1387 3307 weieidaruuf

210 3316 305 3372 Liebe.
823 3320 885 3389 hin,
918 3321 979 3376 dale
1010 3321 1070 3378 dies
1097 3339 1150 3376 nur
1179 3322 1298 3394 hadingi
1325 3320 1390 3374 und

241 3391 432 3456 praestantiae
450 3408 491 3435 ·--=·
504 3392 673 3461 berorangte
698 3391 771 3448 stet·
822 3391 972 3446 innerhalb
1009 3393 1141 3462 gewirser
1173 3393 1300 3450 Grenzen
1339 3409 1389 3462 ge-

209 3458 286 3528 lung.
582 3521 584 3524 ¹
823 3463 944 3521 sehehen
961 3463 1060 3520 kenne.
1079 3463 1287 3533 Vgl.‘nechher
1306 3470 1322 3530 5
1343 3469 1389 3520 73.

245 3535 260 3595 ξ
276 3535 318 3584 71.
336 3532 594 3602 restaurationisque.
609 3532 770 3589 Aulserder
858 3534 1002 3601 inferiores
1018 3551 1047 3589 se
1060 3535 1191 3590 extoliere.
1219 3535 1252 3588 In
1266 3535 1393 3589 wiefern
1420 3601 1421 3604 Ἴ

211 3599 400 3671 eigentlichen
407 3603 532 3657 amicitia
542 3603 580 3656 ist
588 3604 689 3658 vorher
698 3605 770 3659 anch
823 3603 883 3658 dies
902 3605 1082 3661 erforderlich
1100 3607 1150 3673 ist,
1169 3605 1238 3674 geht
1256 3621 1308 3658 aue
1329 3605 1392 3657 den

212 3671 586 3728 dieBlulsverwandischall
600 3675 667 3744 (vgl.
683 3680 708 3744 5,
724 3679 768 3746 19)
823 3675 1005 3731 unmittelbnr
1058 3674 1209 3747 folgenden
1263 3673 1392 3728 Worten

211 3744 264 3799 mit
282 3744 501 3814 herangezogen.
822 3747 931 3804 hervet.

245 3816 398 3884 snpenores
420 3815 479 3870 und
501 3817 551 3871 das
574 3816 706 3889 folgende
725 3820 768 3873 in·
858 3820 922 3888 ipsi,
940 3819 980 3872 im
995 3817 1168 3888 Gegensntne
1181 3834 1214 3870 nn
1227 3812 1282 3867 den
1296 3813 1392 3868 amici

208 3887 322 3952 seriores
335 3886 380 3956 ist,
398 3887 452 3942 wie
465 3888 589 3942 neehher
602 3888 633 3942 in
647 3895 670 3955 §-
682 3894 723 3957 72,
738 3906 769 3945 eo
822 3891 983 3958 stipatores,
997 3892 1046 3958 qni
1059 3907 1116 3946 non
1127 3885 1394 3952 annmnnnttttos,

210 3958 283 4011 auch
301 3957 362 4012 hier
379 3958 491 4014 absolui
504 3977 537 4012 eu
550 3959 671 4015 nahmen
685 3961 769 4028 (nach
822 3962 868 4016 sed
886 3977 913 4016 se
929 3961 1100 4016 mimittrrnt.

209 4027 307 4083 Macht
342 4030 399 4082 imd
437 4029 588 4101 Stellung),
625 4031 705 4087 nicht
739 4031 769 4086 in
858 4048 943 4101 opere.
971 4030 1097 4086 Niheres
1111 4033 1180 4088 tiber
1194 4028 1394 4084 dioseWerk·

209 4099 314 4153 nithere
344 4099 503 4170 Beeiehung
529 4121 564 4157 zu
591 4102 640 4157 der
666 4103 769 4158 vorher
822 4101 1100 4226 thetiqlseitkommt
1112 4103 1207 4172 gleich
1221 4100 1261 4155 im
1274 4101 1399 4170 folgen-

210 4170 371 4226 eru'thnien
389 4173 527 4227 amicitiae
546 4175 769 4229 ...mensiutdc
823 4173 877 4227 den
919 4170 1104 4240 eragraphen.

210 4258 243 4293 zu
260 4241 360 4296 selaeu.
392 4240 518 4312 [Rhode
533 4243 592 4297 will
605 4245 764 4300 umetellen:
857 4249 934 4308 §73-
968 4242 1097 4309 primm
1135 4243 1163 4298 S.
1182 4261 1215 4296 aa
1235 4249 1250 4308 ξ
1271 4249 1316 4296 11.

209 4312 767 4380 qnisantsnperiores‚inamieitiae...
857 4329 942 4381 nepae
955 4318 987 4366 tn
997 4314 1089 4379 possis
1102 4332 1128 4368 n.
1145 4331 1165 4367 s.
1175 4333 1210 4368 w.
1238 4313 1313 4366 Dem
1327 4315 1397 4366 ent-

209 4381 406 4470 neaessitndine
423 4399 573 4451 exaequare
590 4401 617 4438 se
635 4426 641 4438 .
658 4424 665 4440 .
680 4385 699 4454 .]
822 4382 929 4451 epricht
941 4381 1066 4436 nuchhar
1079 4384 1161 4451 (stati
1173 4397 1259 4451 nepae
1268 4383 1398 4450 tripos-
