2946 4758
152 173 195 238 26
657 171 811 226 nunnius

152 339 309 419 Scipionis,
333 357 402 399 oum
425 345 481 399 est·
494 337 531 397 de
554 355 587 398 re
610 335 727 415 publica
751 336 944 417 disputatum,
967 339 1116 400 affuisses:
1140 337 1236 416 qualis
1261 348 1326 400 tum

152 436 296 508 patronus
318 427 448 488 iustitiae
472 426 528 486 luit
551 432 654 485 contra
677 432 846 486 accuratam
870 420 1034 487 orationem
1057 426 1144 488 Phili!

242 515 387 577 Fsuums.
432 513 529 575 Facile
553 513 583 574 id
607 513 728 592 quidem
750 515 808 575 fuit
829 516 973 576 iustitiam
996 518 1160 577 iustissimo
1189 517 1253 576 viro
1276 517 1328 578 de-

152 587 294 674 teuderii
634 662 638 673 ,

241 693 415 754 Scaevam.
440 691 517 763 Quid
532 687 713 752 amicitiam?
737 709 835 752 nonne
856 691 942 752 lacile
956 694 992 771 ci,
1013 695 1065 772 qui
1079 693 1117 752 oh
1132 710 1197 754 eam
1213 711 1327 754 summa

153 781 218 863 lide,
242 783 407 842 constantia
429 775 603 859 iustitiaque
625 789 772 841 servatam
794 782 951 841 maximam
974 780 1099 858 gloriam
1122 777 1288 866 ceperitis

107 874 141 922 26
240 869 313 930 Vlll.
350 868 495 931 Luncms.
532 867 597 928 Vim
619 868 676 929 hoe
696 869 816 948 quidem
835 878 881 929 εει
899 869 1021 930 afferre:
1044 869 1116 948 quid
1135 871 1215 930 euim
1235 871 1328 932 refert

152 976 209 1036 qua
232 976 279 1019 me
303 959 418 1018 ratione
442 953 578 1036 cogatis?
615 959 720 1034 cogitis
748 965 839 1018 certe.
886 957 999 1019 Studiis
1028 961 1107 1019 enim
1135 977 1322 1038 generorum,

150 1049 326 1126 praesertim
350 1048 381 1107 in
404 1065 437 1106 re
462 1045 551 1126 bona,
576 1063 644 1106 cum
667 1045 786 1106 difficile
815 1055 862 1106 εει
890 1054 953 1107 tum
984 1065 1022 1106 ne
1050 1065 1177 1126 aequum
1206 1046 1326 1126 quidem

151 1135 331 1220 obsisteres

241 1223 419 1302 Saepissime
456 1225 547 1302 igitur
579 1223 651 1282 mihi
689 1222 725 1283 de
759 1225 886 1284 amicitia
919 1225 1060 1302 cogitanti
1097 1224 1223 1286 maxime
1256 1223 1329 1284 illud

152 1312 400 1373 considerandum
432 1311 527 1372 videri
559 1311 648 1392 solet,
680 1319 782 1372 utrum
814 1320 938 1390 propter
970 1311 1202 1372 imbecillitatem
1236 1320 1324 1392 atquc

150 1401 280 1479 inopiam
309 1400 476 1461 desiderata
504 1402 543 1460 sit
571 1401 712 1480 amicitia,
739 1407 774 1460 ut
801 1399 905 1461 dandis
933 1400 1174 1480 recipiendisque
1203 1403 1326 1480 meritis,

152 1487 230 1567 quad
255 1490 321 1567 quis
351 1491 450 1550 minus
479 1507 533 1567 per
561 1507 593 1548 εε
621 1490 685 1568 ipsc
713 1496 828 1568 posset,
856 1489 886 1549 id
915 1491 1064 1568 acciperet
1091 1487 1127 1548 ab
1156 1488 1213 1550 alio
1243 1492 1327 1550 vicis-

152 1579 267 1655 simque
295 1578 447 1659 redderet3
476 1595 513 1638 an
545 1585 625 1638 esset
655 1577 713 1638 hoc
746 1577 866 1656 quidem
897 1580 1053 1657 proprium
1080 1579 1241 1660 amicitiae,
1275 1579 1328 1639 sed

74 1720 78 1728 .
151 1657 307 1745 antiquior
324 1674 354 1726 ει
376 1665 536 1746 pulchrior
552 1674 583 1726 et
606 1668 698 1744 magis
722 1684 738 1726 a
761 1673 867 1726 natura
889 1669 953 1744 ipsa
980 1667 1114 1744 prolecta
1142 1667 1197 1728 alia
1227 1685 1324 1728 causa.

150 1754 241 1815 Amor
263 1756 358 1835 enim,
382 1775 419 1815 ex
442 1772 501 1833 quo
525 1755 653 1815 amicitia
676 1755 826 1815 nominata
849 1763 908 1834 est,
931 1757 1071 1834 princeps
1101 1762 1147 1816 est
1174 1756 1209 1816 ad
1237 1755 1328 1816 hene·

149 1843 308 1904 volentiam
331 1842 576 1922 coniungendam.
623 1841 697 1902 Nam
720 1842 863 1904 utilitates
887 1844 1007 1920 quidem
1030 1845 1120 1904 etiam
1143 1843 1177 1904 ab
1201 1844 1237 1902 iis
1257 1861 1325 1920 per-

151 1933 302 2010 cipiuntur
325 1951 422 2015 saepe,
446 1933 498 2012 qui
521 1931 708 1992 simulatione
732 1933 878 1991 amicitiae
902 1931 1042 1992 coluntur
1070 1943 1099 1992 ει
1128 1931 1323 1992 observantur

152 2022 295 2100 temporis
319 2039 420 2102 oausa;
443 2023 475 2080 in
499 2016 748 2082 amicitia'autem
773 2018 847 2080 nihil
865 2019 967 2081 fictum
987 2027 1041 2100 est,
1061 2019 1134 2082 nihil
1153 2019 1322 2080 simulatum

105 2118 190 2189 eret,
214 2109 356 2189 quicquid
379 2118 433 2189 est,
457 2109 486 2170 id
511 2117 684 2170 astrorum
708 2117 739 2169 et
768 2109 976 2170 voluntarium.
1023 2108 1212 2187 Quapropter
1236 2127 1253 2168 a
1274 2127 1325 2170 na·

152 2206 219 2258 tura
241 2198 314 2258 mihi
338 2197 455 2258 videtur
478 2199 578 2277 potius
601 2215 689 2275 quam
718 2196 754 2256 ab
783 2197 946 2275 indigentia
975 2205 1039 2257 orta
1067 2198 1209 2271 amicitia,
1237 2196 1330 2277 appli·
1418 2259 1423 2262 .

152 2288 267 2346 catione
291 2289 384 2365 magis
407 2288 497 2346 animi
521 2303 589 2346 cum
612 2285 741 2364 quodam
763 2303 854 2346 sensu
878 2285 1008 2366 amandi,
1039 2303 1127 2364 quam
1152 2288 1331 2364 cogitatione

151 2383 296 2454 quantum
319 2374 367 2435 illa
391 2393 440 2435 res
464 2373 600 2435 utilitatis
624 2381 705 2434 esset
727 2373 1005 2493 habiturqffoucd
1030 2374 1151 2453 quidem
1174 2372 1258 2454 quale
1282 2376 1330 2453 sit,

152 2465 241 2524 etiam
263 2467 294 2524 iu
318 2463 422 2525 hestiis
445 2463 623 2543 quibusdam
654 2463 848 2525 animadverti
876 2470 987 2543 potest,
1016 2481 1091 2542 quae
1121 2481 1158 2524 ex
1186 2482 1217 2524 se
1246 2469 1330 2523 notos

150 2635 208 2694 sire,
227 2649 287 2687 eam
303 2638 430 2702 potaero,
448 2650 505 2688 aaa
522 2649 632 2700 acuero,
656 2639 714 2687 tom
767 2634 874 2689 leteten
905 2633 968 2688 Tell
1000 2634 1050 2688 der
1086 2635 1333 2704 rorhergehendon

150 2705 204 2758 erit
221 2704 366 2770 inimicam
385 2704 420 2757 de
439 2703 512 2761 dom.
533 2709 575 2774 19,
595 2709 644 2772 50;
662 2721 714 2774 pro
768 2703 960 2775 disjunlriiven
985 2704 1074 2774 Fmge
1097 2705 1139 2759 als
1163 2705 1218 2760 dan
1240 2707 1331 2759 wahr-

151 2774 232 2829 Rose.
252 2774 313 2830 Am.
333 2781 377 2842 49,
398 2779 457 2830 142.
504 2809 511 2818 -
769 2774 999 2832 scheinlichoren.

187 2847 220 2900 de
238 2862 268 2900 re
282 2846 359 2914 publ.
379 2845 444 2913 Vgl.
464 2846 536 2900 oben
554 2852 580 2914 4,
601 2851 641 2900 14,
805 2863 894 2913 arnor,
918 2863 952 2901 ea
971 2863 1024 2916 qao
1044 2847 1170 2902 amicitia
1187 2848 1333 2902 nominata

187 2916 286 2972 Facile
303 2917 335 2971 id
352 2917 468 2986 periclem.
498 2917 555 2970 Des
574 2917 714 2972 verberei·
769 2922 814 2972 est.
852 2917 974 2987 ligneo,
992 2923 1042 2973 100
1062 2917 1211 2986 Utramque
1228 2919 1332 2973 dietam

150 2988 235 3043 tende
249 2989 280 3042 id
294 2986 375 3042 weisi
388 2986 436 3041 hin
452 2987 502 3042 aui
517 2987 568 3042 das
582 2987 715 3058 folgende
769 2994 807 3043 eat
826 2989 860 3042 ab
879 2989 1006 3044 ernaudo.

151 3059 289 3114 iaetitiarre
306 3059 455 3126 defendere.
802 3061 932 3128 prireeeps
945 3064 983 3113 est
993 3061 1030 3114 ad
1040 3085 1073 3105 =
1079 3061 1189 3128 primus
1198 3059 1275 3112 duait
1286 3060 1333 3114 aei.

190 3129 265 3199 Quint
278 3129 450 3184 amicitiam?
469 3145 559 3184 noane
573 3130 655 3196 iaeile
668 3127 714 3184 ei?
805 3131 839 3186 ab
858 3131 895 3184 iis
909 3131 1105 3199 percipiantur
1123 3155 1157 3176 ει
1175 3129 1209 3182 ab
1227 3129 1264 3181 iia
1281 3129 1333 3182 ha·

152 3199 205 3253 Die
224 3199 390 3271 Erghnenng
405 3201 475 3270 liegh
489 3201 519 3255 in
533 3201 588 3255 den
601 3202 715 3256 vorhor-
769 3203 854 3256 merres
868 3203 1036 3270 precipitari.
1236 3221 1239 3228 ·

150 3270 300 3338 gehenden
318 3271 436 3326 Worten
454 3272 503 3326 des
521 3271 653 3327 Fannius.
805 3277 879 3336 52⁷·
899 3290 917 3326 a
934 3278 1040 3328 aeirem
1061 3303 1094 3312 -
1113 3270 1146 3324 ah
1166 3270 1334 3339 indiperetia.

190 3346 267 3405 §itt
296 3340 459 3412 Saepieqp'me
477 3343 715 3412 mihi-eopitanti
770 3342 822 3397 Die
849 3341 1026 3412 Pr'iposition
1054 3343 1143 3412 alchi,
1170 3341 1236 3395 weil
1265 3341 1333 3411 jone

154 3412 276 3466 -eiderr'
293 3413 367 3465 solet.
396 3412 518 3467 Ahnlich
536 3412 653 3482 beginnt
672 3412 716 3467 oi·
769 3411 889 3482 Begriffe
933 3412 1171 3482 gewissermaisen
1211 3411 1334 3482 personi-

152 3498 231 3538 ceros
250 3480 356 3536 Schrift
373 3483 407 3537 de
430 3488 551 3537 oratore:
576 3481 717 3552 Oopitarrtr'
770 3483 859 3537 fiaiert
890 3483 932 3538 als
960 3487 1158 3554 procreatrices
1190 3485 1328 3539 amicitiae

153 3555 221 3608 milri
237 3569 428 3621 saepenumero
445 3583 477 3594 —
487 3554 613 3622 perbeati
630 3556 717 3621 faisse
769 3554 935 3623 hingertelll
953 3557 1066 3611 werden
1084 3557 1183 3611 sollen.

154 3655 187 3664 -
206 3626 251 3680 illi
268 3625 357 3680 videri
374 3625 467 3679 soleat.
804 3626 898 3694 patiere
907 3626 1048 3681 occisioni
1060 3626 1106 3681 die
1116 3623 1329 3697 grosseraiiieh·

184 3701 276 3766 poaeet
303 3721 337 3742 ε
364 3697 465 3762 faeere,
491 3696 588 3751 hobae
610 3701 717 3766 possea·
769 3696 892 3766 tigkeit,
925 3699 1013 3768 mapis
1045 3698 1096 3752 aul
1125 3700 1180 3752 den
1212 3697 1334 3752 hohenoe

152 3767 266 3822 hhnlich
285 3765 324 3822 im
342 3767 510 3822 Deutsehen.
771 3766 846 3821 (irad
865 3767 922 3824 hin.

164 3839 227 3893 'aa
259 3843 331 3894 esset.
383 3837 434 3892 Die
466 3839 716 3908 rothergehenden
806 3839 971 3908 quibasdam
989 3839 1092 3893 meista
1110 3857 1145 3892 zu
1163 3839 1256 3893 hestiis
1274 3836 1337 3891 hin·

152 3908 241 3963 durch
260 3911 414 3965 deeidmta
432 3911 469 3964 eit
487 3908 643 3978 hedinghem
661 3909 715 3964 Im·
770 3909 904 3979 eugefdgt
936 3910 1063 3976 proadem
1097 3909 1172 3964 deun
1205 3907 1272 3976 (Oia.
1302 3907 1337 3961 de

152 3979 278 4049 perfecta
300 3981 385 4036 leitan
410 3979 621 4036 unwilllriirlieh
644 3981 717 4036 auch
771 3980 845 4035 deor.
873 3982 931 4036 nat.
952 3987 981 4046 2,
1000 3986 1047 4047 51,
1069 3982 1129 4048 129)
1154 3981 1279 4049 pioeee,
1306 3982 1339 4031 at

152 4051 184 4104 in
208 4050 272 4105 dem
301 4052 416 4107 aweiten
444 4051 522 4107 Teile
551 4051 600 4104 der
626 4051 717 4122 Frage
771 4051 1339 4120 aiwat‚ooaeompereaerrrret,reiirrqarrrrt,·

153 4138 217 4174 enm
235 4121 346 4190 imperf.
365 4126 462 4190 (esset).
771 4122 961 4177 testudineo
984 4125 1075 4174 aretem
1099 4125 1125 4175 et
1148 4121 1338 4175 crocodilos

189 4192 248 4246 alia
266 4207 351 4246 cauea
370 4217 404 4238 ==
424 4193 551 4264 Subjekt.
572 4225 605 4233 —
621 4193 715 4247 Dutch
771 4193 878 4255 dicuat,
896 4206 957 4243 cerm
975 4191 1007 4244 ire
1025 4195 1100 4244 terra
1116 4197 1233 4260 partiare
1247 4190 1338 4245 edide-

154 4261 408 4331 dienunfolgenda
419 4263 607 4344 Begriindung
618 4264 717 4334 (Amor
771 4263 838 4324 rint,
856 4260 969 4315 ohram
987 4277 1053 4326 oea,
1078 4262 1175 4316 deiude
1193 4261 1338 4316 discedere.

153 4334 225 4388 enine
243 4351 269 4388 u.
289 4351 309 4388 ε.
329 4335 374 4402 w.)
397 4332 562 4388 bezeichnet
585 4333 642 4388 Cic.
661 4333 716 4386 den
806 4345 840 4384 ea
872 4346 900 4384 ae
930 4337 1026 4398 actos,
1059 4346 1144 4390 mese.
1177 4332 1250 4386 auch
1282 4347 1341 4386 von
