2946 4758
189 223 233 289 46
696 225 851 282 Lemnius

188 395 341 475 ingenium
370 401 401 454 et
428 399 609 474 tortuosum,
636 411 734 473 neque
763 411 848 474 vero,
876 395 928 473 qui
951 413 1011 455 non
1033 393 1127 456 isdem
1150 394 1241 456 rebus
1264 413 1370 458 move-

189 493 239 545 tur
257 489 421 561 naturaque
440 484 597 564 consentit,
615 491 666 543 aut
679 483 757 543 lidus
771 489 823 543 aut
837 481 951 544 stabilis
963 491 1151 563 potestesse.
1184 483 1367 547 Addendum

190 572 295 634 eodem
323 579 381 652 cst,
410 578 444 632 ut
471 588 508 631 ne
537 570 712 632 criminibus
735 578 788 632 aut
810 571 974 634 inserendis
997 572 1162 634 delectetur
1185 581 1236 634 aut
1261 576 1366 638 credat

189 661 305 741 oblatis,
323 677 398 739 quae
417 662 568 740 pertinent
587 662 685 722 omnia
704 659 740 720 ad
759 677 835 740 eam,
851 678 940 740 quam
959 663 1018 722 iam
1036 661 1150 723 dudum
1167 670 1275 744 tracto,
1293 682 1362 725 oon-

189 751 334 812 stantiam.
371 747 415 809 lta
438 749 471 808 fit
493 766 597 810 verum
619 748 702 829 illud,
725 748 805 828 quod
827 750 912 810 initio
936 749 1005 831 dixi,
1028 752 1185 812 amicitiam
1205 753 1360 814 nisiinter

188 839 283 901 bonos
307 855 372 898 esse
392 854 452 897 non
471 855 567 918 posse.
606 836 660 898 Est
678 839 757 899 enim
775 837 847 898 boni
865 840 934 919 viri,
948 856 1036 917 quern
1055 838 1182 900 eundem
1196 842 1352 920 sapientem

187 928 258 989 licet
280 926 389 1006 dicere,
414 925 487 986 haec
510 925 570 987 duo
593 933 695 988 tenere
719 927 751 986 in
774 928 915 988 amicitia:
937 928 1076 1007 primum,
1100 928 1234 1008 nequid
1259 930 1348 991 fictum
1430 993 1431 1016 ,

188 1019 227 1078 sit
250 1032 323 1078 neve
345 1014 529 1095 simulatum3
551 1021 653 1094 aperte
672 1017 752 1076 enim
771 1014 817 1075 vel
835 1016 934 1076 odisse
952 1018 1046 1094 magis
1065 1017 1191 1096 ingenui
1206 1026 1253 1078 est
1273 1037 1353 1098 quam

187 1107 285 1166 fronte
305 1103 455 1166 occultare
474 1106 664 1172 sententiam:
688 1103 795 1164 deinde
815 1123 875 1164 non
895 1104 991 1165 solum
1010 1104 1046 1165 ab
1066 1105 1163 1185 aliquo
1183 1106 1284 1168 allatas
1302 1111 1357 1169 cri-

187 1195 364 1255 minationes
383 1191 537 1273 repellere,
556 1192 608 1253 sed
627 1211 664 1254 ne
684 1194 782 1273 ipsum
800 1193 920 1273 quidem
934 1211 1000 1255 esse
1015 1196 1224 1277 suspiciosum,
1241 1213 1358 1276 semper

139 1298 174 1346 ce
187 1281 297 1362 aliquid
322 1281 539 1343 existimantem
558 1281 595 1342 ab
614 1283 708 1344 amico
727 1299 794 1342 esse
813 1281 961 1344 violatum.
1007 1281 1136 1344 Accedat
1154 1284 1214 1345 huc
1231 1288 1355 1346 suavitas

189 1370 333 1451 quaedam
356 1378 474 1449 oportet
497 1388 669 1432 sermonum
692 1378 780 1449 atque
805 1389 936 1453 morum,
958 1371 1187 1452 haudquaquam
1212 1372 1350 1434 mediocre

188 1459 410 1520 condimentum
441 1461 596 1520 amicitiae.
641 1459 776 1519 Tristitia
802 1467 902 1520 autem
930 1467 960 1520 et
986 1463 1018 1521 in
1046 1463 1127 1522 omni
1155 1480 1188 1521 re
1218 1464 1349 1522 severitas

171 1548 278 1620 thabat
299 1548 347 1609 illa
372 1548 491 1626 quidem
514 1551 701 1626 gravitatem,
725 1547 777 1608 sed
801 1549 929 1610 amicitia
953 1551 1107 1610 resmissior
1130 1565 1200 1611 esse
1220 1549 1308 1612 debet
1327 1561 1355 1612 et

189 1637 311 1698 liberior
331 1645 360 1698 et
379 1636 494 1698 dulcior
513 1644 544 1697 et
561 1637 597 1697 ad
616 1655 734 1698 omnem
754 1638 923 1698 comitatem
942 1637 1173 1718 facilitatemque
1191 1639 1361 1719 proclivior.

137 1732 171 1781 er
276 1724 353 1785 lllll.
398 1724 523 1786 Exsistit
545 1733 645 1786 autem
668 1724 725 1786 hoc
748 1725 813 1788 loeo
838 1725 981 1805 quaedam
1005 1729 1140 1805 quaestio
1164 1727 1366 1810 subdifficilis,

185 1833 257 1876 num
281 1813 397 1894 quando
421 1815 507 1874 amici
531 1816 607 1894 novi,
630 1813 711 1893 digni
735 1816 871 1896 amicitia,
893 1813 1045 1875 veteribus
1073 1818 1133 1877 sint
1152 1819 1368 1901 anteponendi,

185 1912 219 1964 ut
242 1907 328 1983 equis
352 1902 457 1964 vetulis
480 1911 600 1964 teneros
624 1911 805 1982 anteponere
827 1903 970 1964 solemus:
994 1903 1114 1983 indigna
1134 1904 1253 1966 homine
1275 1906 1365 1968 dubi-

185 1994 270 2075 tatio;
302 2010 363 2053 nun
395 1994 474 2052 enirn
506 1990 616 2052 debent
646 2010 711 2052 esse
743 1994 952 2080 amicitiarum,
985 1994 1064 2054 sicut
1094 1993 1216 2055 aliarum
1247 2013 1369 2078 rerum,

186 2085 349 2162 satietates3
372 2083 530 2142 veterrima
558 2099 705 2161 quaeque,
733 2090 767 2142 ut
797 2099 831 2142 ca
860 2083 927 2142 rina
951 2099 1025 2160 quae
1049 2089 1226 2170 vetustatem
1250 2083 1369 2167 lerunt,

186 2168 269 2235 esset
292 2169 380 2230 debet
409 2172 596 2251 suavissima,
622 2163 786 2248 verumque
810 2169 883 2231 illud
906 2177 961 2250 est,
984 2170 1063 2248 quod
1076 2165 1210 2252 dicitur,
1238 2167 1368 2235 ‘multos

146 2271 160 2335 t,
185 2258 299 2320 modios
323 2258 391 2318 salis
415 2257 504 2318 simul
524 2258 654 2319 edendos
678 2277 753 2338 esse,
777 2266 810 2319 ut
833 2260 978 2319 amicitiae
997 2276 1107 2320 mimus
1126 2259 1277 2340 expletum
1298 2259 1366 2324 sit.’
1381 2265 1392 2298 r

220 2482 382 2537 crimiatidus
395 2482 546 2549 inferendis
561 2499 586 2537 n.
598 2499 662 2537 ew.
691 2481 743 2536 Be
798 2481 960 2536 erwihnten
982 2497 1038 2537 von
1056 2482 1153 2538 eulsen
1171 2483 1361 2538 lrommenden

184 2553 406 2636 schuldifgungen
437 2553 550 2608 lrdnnen
581 2551 660 2607 nicht
691 2569 744 2606 nur
797 2554 1009 2608 criminationes.

184 2623 743 2750 εεςςςςεςεςςςςςςεςς
795 2624 1081 2760 ,autumn
1096 2624 1356 2766 ςεεεςες

183 2766 297 2820 Dritten
328 2783 377 2818 zur
408 2763 648 2820 Kenntnimohme
682 2767 741 2820 ent·
796 2771 821 2833 8,
840 2771 857 2819 ⁸
875 2737 907 2819 si'
922 2713 1207 2851 qeaffi'tprer'ctel'sser
1224 2737 1359 2822 aoe'aasi

183 2835 665 2977 reintraturum
688 2836 741 2964 tt:
795 2841 1361 2978 {autumn

183 2980 356 3048 minutiones)
376 2981 497 3034 werden,
795 2981 857 3034 mit
875 3021 881 3032 .
900 3023 906 3035 .
1351 3019 1355 3028 .

219 3050 300 3105 initio
319 3051 388 3105 dixi.
426 3049 453 3106 S.
473 3050 545 3104 oben
563 3054 588 3116 ὅ,
610 3055 650 3104 18.
830 3055 907 3116 §et
944 3052 1054 3118 omnim,
1077 3050 1135 3104 mit
1152 3051 1214 3105 dem
1234 3051 1360 3119 Begriffe

218 3122 283 3176 taes
301 3122 363 3178 duo.
391 3119 456 3192 Vgl.
475 3139 508 3174 zu
521 3126 536 3186 ς
551 3127 585 3175 64
599 3121 739 3176 ioecduo.
795 3119 844 3174 der
866 3121 1186 3191 wart-Herabeetzuug.·
1219 3121 1358 3188 Dagegen

214 3193 344 3275 primum.
383 3191 409 3246 S.
429 3211 463 3247 zu
481 3199 501 3274 ξ,
517 3198 558 3246 11.
795 3193 908 3275 socher:
927 3195 1023 3248 ommis
1040 3194 1179 3276 ueteribus.
1233 3259 1238 3269 .
1284 3265 1297 3276 „

184 3279 333 3388 septrppcrelpp
347 3263 741 3404 pffilpttmpepnepepppeeptupg
794 3265 1118 3404 (1θὲῃῖἶῖίέτᾷἳὶὸέξῖιέιῖ
1129 3259 1359 3400 Gepptpptenqbplrl

184 3403 236 3458 wie
264 3403 332 3460 hier.
377 3404 510 3475 Dagegen
538 3405 580 3459 oft
606 3407 741 3474 impetratae
793 3404 876 3459 Form
899 3406 949 3459 der
972 3405 1147 3476 Apposition.
1183 3401 1221 3457 So
1245 3408 1296 3473 20,
1323 3411 1359 3458 ‘11

184 3479 257 3530 artes
274 3493 301 3528 n.
320 3473 378 3544 dgl.
794 3476 916 3530 odiosum
934 3492 1000 3532 sanc
1017 3479 1185 3547 penus;21,
1205 3481 1239 3530 tu
1258 3492 1362 3530 rurum

218 3546 315 3614 fronte.
352 3545 417 3616 Vgt.
442 3543 497 3599 cte.
523 3544 558 3600 de
577 3545 623 3599 fin.
642 3552 674 3608 2,
697 3553 740 3612 24,
793 3562 886 3615 penus.

185 3623 217 3672 ’tt
245 3618 277 3671 iu
303 3617 393 3684 fronte
420 3616 637 3682 ostentantium,
664 3618 741 3672 tutus
798 3657 801 3664 .
828 3619 971 3672 veterrima
989 3636 1115 3688 quaeque,
1133 3636 1160 3673 n.
1180 3617 1312 3672 amicitia.

183 3689 284 3744 veritas
301 3687 469 3744 occultetur?
828 3705 861 3743 ea
882 3691 963 3754 cieo,
987 3707 1056 3759 quoe
1074 3693 1233 3744 uetustatem
1249 3688 1355 3753 ferum.

219 3761 316 3815 dmede
331 3792 362 3800 —
376 3760 508 3830 repellere.
549 3757 619 3814 Eine
637 3759 740 3814 leichte
795 3760 874 3814 Denn
898 3777 927 3814 es
950 3761 1031 3830 giebt
1052 3762 1124 3815 euch
1147 3759 1254 3823 selcha,
1282 3772 1358 3825 quae

183 3831 386 3901 Anakoluthie,
411 3849 459 3884 um
485 3847 515 3885 so
541 3829 684 3886 eiufacher
706 3849 741 3885 nu
793 3836 924 3886 adnotate
938 3837 1095 3886 concocunt
1109 3831 1175 3898 (Cic.
1191 3829 1225 3882 de
1241 3843 1298 3882 sen.
1312 3832 1360 3898 18,
1424 3879 1425 3886 ,

183 3901 391 3972 reohtfertigen,
410 3901 475 3957 weil
489 3901 584 3957 Cicero
603 3902 675 3957 auch
690 3917 741 3957 ror
794 3905 847 3968 65).
868 3933 901 3942 —
920 3903 960 3956 Zn
979 3901 1042 3956 dem
1056 3900 1208 3957 (ledanlsen
1226 3899 1283 3968 vgl.
1299 3897 1360 3956 Jes.
1374 3949 1378 3956 .

184 3971 234 4026 der
256 3974 495 4044 eingeschobenen
517 3973 584 4044 (rgl.
608 3991 643 4027 zu
666 3979 682 4038 ς
706 3978 739 4028 ‘ts
795 3973 846 4027 Sir.
871 3979 900 4040 9,
926 3979 971 4028 15:
1008 3970 1071 4026 Elin
1095 3969 1361 4027 neuerFreund

183 4058 267 4114 oeque
289 4051 320 4100 tu
337 4047 438 4116 possis)
461 4044 651 4116 Begrdndnng
669 4045 741 4100 stult
792 4043 840 4098 ist
862 4044 916 4099 ein
939 4058 1043 4098 neuer
1065 4043 1175 4111 Weiu;
1203 4041 1271 4097 lale
1295 4043 1361 4096 ihu

183 4130 217 4168 ne
252 4116 319 4184 quid
352 4117 444 4184 rictum
475 4118 512 4172 sit
543 4116 622 4172 hatte
654 4128 742 4186 sager
794 4114 845 4169 alt
875 4113 1021 4179 werden,
1054 4129 1089 4167 so
1122 4114 1207 4168 rrird
1241 4131 1276 4168 er
1304 4111 1362 4166 dir
1423 4127 1424 4136 ¹

183 4183 307 4240 konnen:
343 4188 415 4242 eadit
447 4188 560 4258 strepere,
598 4186 741 4258 abhdngig
794 4183 1114 4240 wohlschmeclren.

106 4269 109 4278 ·
183 4273 239 4310 von
257 4255 311 4340 Est
329 4259 399 4311 enim
418 4258 482 4341 loni
498 4259 587 4342 utri.¹
618 4331 623 4342 ι
652 4327 659 4344 .
688 4311 692 4320 ,
828 4255 912 4336 menni
933 4250 1056 4335 &decedes
1094 4254 1147 4308 Die
1165 4254 1359 4323 gemeinseme

183 4343 361 4453 osiidii*
370 4329 532 4466 ttdttt
542 4334 741 4454 {illidii
793 4323 1359 4462 tilltttltltltt{Ettrttttttt
