2946 4758
183 193 226 260 28
688 196 845 252 inbutus
931 249 934 256 .

139 385 173 436 29
229 343 231 350 ¹
274 363 324 425 lX.
371 363 456 436 erod
480 366 505 425 si
529 371 608 425 tanta
631 365 676 424 vis
697 363 855 444 probitatis
878 372 991 438 estut
1009 379 1074 423 eam
1092 363 1137 423 vel
1156 364 1187 422 iu
1206 364 1259 437 eie,
1285 383 1379 444 quos

186 469 339 532 nunquam
362 453 497 534 vidimus,
520 453 579 534 vel,
603 453 682 530 quod
706 454 801 513 maius
826 460 884 533 est,
913 455 944 512 in
967 452 1053 512 hoste
1077 454 1165 512 etiam
1189 451 1380 537 diligamus5

185 542 256 620 quid
280 543 389 602 mirum
413 550 471 621 est,
500 544 524 603 si
548 543 638 601 animi
660 542 815 601 bominum
838 548 1026 620 moveantur,
1055 557 1122 600 curn
1147 557 1264 620 eorum,
1299 546 1376 622 qui·

185 629 311 691 boscum
336 647 392 690 usu
416 632 568 691 coniuncti
592 647 657 690 esse
681 638 816 708 possunt,
839 632 979 691 virtutem
1004 638 1034 688 et
1057 627 1220 689 bonitatem
1243 635 1373 710 perspi-

186 737 254 779 cere
278 715 456 780 videantur?
502 718 677 796 Quanquam
701 718 893 792 confirmetur
917 726 1049 778 emeret
1069 716 1214 778 beneficio
1238 729 1375 800 accepto

186 816 216 868 et
249 805 346 867 studio
374 815 533 887 perspecto
565 815 595 868 et
628 805 844 868 consuetudine
874 805 1041 886 adiunctae*
1059 804 1169 884 quibus
1201 805 1294 866 rebus
1331 810 1373 869 ad

185 894 268 955 illum
287 897 417 974 primurn
437 902 551 957 motum
570 897 661 956 animi
680 905 709 956 et
728 897 837 956 amoris
857 894 997 956 adhibitis
1016 893 1198 956 admirabilis
1218 896 1371 973 quaedam

186 983 352 1045 exardescit
375 983 598 1045 benevolentiae
629 983 835 1086 magnitudoq
856 983 950 1055 Quam
980 985 1004 1044 si
1032 985 1083 1060 qui
1111 991 1218 1061 putant
1244 983 1281 1048 ab
1313 987 1371 1046 im·

184 1071 345 1133 becillitate
370 1073 530 1153 proticisci,
553 1080 586 1134 ut
610 1076 648 1135 sit
670 1091 725 1153 per
749 1091 838 1151 quem
861 1081 1038 1150 assequatur
1057 1070 1136 1150 quod
1160 1073 1288 1150 quisque
1316 1075 1368 1135 de·

186 1161 313 1240 sideret3
331 1159 474 1220 humilem
490 1179 559 1222 sane
574 1162 748 1240 relinquunt
763 1167 792 1220 et
807 1163 927 1222 minime
941 1177 1130 1241 generosum,
1144 1168 1179 1220 ut
1192 1162 1233 1220 ita
1253 1162 1370 1244 dicam,

186 1257 285 1309 ortum
309 1251 468 1330 amicitiae,
492 1267 580 1329 quam
611 1269 646 1311 ex
677 1245 776 1328 ino'pla
806 1258 894 1328 atque
925 1249 1086 1328 indigentia
1116 1255 1215 1309 natam
1246 1251 1368 1312 volunt.

186 1336 272 1408 Quod
296 1338 321 1397 si
343 1338 384 1398 ita
409 1345 496 1419 esset,
520 1346 554 1400 ut
577 1340 703 1417 quisque
723 1339 878 1398 minimum
902 1339 1017 1399 essein
1037 1355 1068 1397 se
1086 1336 1298 1420 arbitraretur,
1324 1343 1366 1400 ita

139 1425 219 1489 30ad
254 1427 412 1486 amicitiam
445 1437 525 1488 esset
556 1429 741 1507 aptissimum
771 1424 850 1504 quod
880 1426 967 1504 longe
997 1443 1083 1486 secus
1111 1433 1165 1486 est.
1212 1426 1251 1488 Ut
1285 1431 1364 1488 euim

186 1516 313 1592 quisque
337 1513 394 1575 sibi
422 1514 583 1594 plurimum
613 1516 735 1576 confidit
762 1523 793 1575 et
819 1523 853 1576 ut
881 1517 1008 1594 quisque
1036 1515 1162 1574 maxime
1192 1518 1305 1577 virtute
1334 1527 1366 1582 et

186 1605 329 1682 sapientia
354 1605 396 1664 sic
421 1607 554 1665 munitus
578 1613 633 1685 est,
656 1613 690 1664 ut
713 1602 794 1664 nullo
818 1611 903 1682 egeat
926 1621 1039 1682 suaque
1064 1603 1162 1663 omnia
1186 1605 1217 1671 in
1241 1623 1274 1664 se
1298 1606 1364 1684 ipso

185 1693 282 1770 posita
305 1693 431 1772 iudicet,
458 1695 499 1752 ita
522 1695 554 1752 in
578 1694 715 1753 amicitiis
738 1692 913 1771 expetendis
944 1691 1134 1769 colendisque
1163 1694 1290 1753 maxime
1315 1712 1364 1754 ex·

185 1778 274 1840 cellit.
321 1779 398 1850 Ouid
424 1777 526 1840 enim?
571 1781 728 1840 Africanus
751 1780 888 1859 indigens
912 1777 993 1840 mei?
1020 1782 1141 1840 minime
1164 1779 1301 1842 herculei
1330 1801 1364 1842 ac

162 1843 222 1927 l'ne
246 1886 301 1947 ego
334 1868 454 1948 quidem
483 1869 579 1930 illius:
608 1868 660 1928 sed
685 1886 740 1947 ego
764 1868 958 1929 admiratione
987 1868 1113 1946 quadarn
1141 1869 1256 1927 virtutis
1287 1871 1365 1951 eius,

184 1955 233 2016 ille
257 1959 387 2018 vicissim
411 1959 549 2036 opinione
580 1959 706 2018 fortasse
735 1975 795 2017 non
823 1957 1041 2044 iil-'Mite
1062 1957 1197 2032 demeis
1225 1956 1365 2018 moribus

184 2043 399 2136 hahQffle
424 2046 540 2127 dilexit3
569 2049 650 2108 auxit
677 2045 913 2106 benevolentiam
942 2045 1135 2107 consuetudo.
1184 2043 1240 2104 Sed
1267 2062 1361 2122 quan·

185 2133 274 2211 q‘iria'nr
294 2133 437 2196 utilitates
461 2135 570 2196 multae
594 2143 625 2196 et
647 2151 770 2213 magnae
790 2141 967 2195 consecutae
988 2141 1069 2214 sum,
1092 2151 1152 2194 non
1173 2140 1244 2194 sunt
1264 2141 1364 2195 tamen

138 2245 171 2293 31
186 2221 222 2282 ab
247 2240 349 2282 earum
373 2241 425 2301 spe
450 2241 556 2284 causae
585 2223 728 2302 diligendi
757 2223 916 2302 proiectae.
962 2221 1001 2282 Ut
1032 2225 1111 2282 enim
1139 2220 1266 2282 beneiici
1292 2221 1364 2284 libe·

184 2309 324 2390 ralesque
349 2329 465 2392 sumus,
496 2329 555 2372 non
580 2321 614 2372 ut
641 2313 793 2389 exigamus
821 2313 944 2390 gratiam
970 2343 1008 2352 -
1040 2327 1137 2388 neque
1167 2312 1246 2370 enim
1274 2309 1363 2372 bene·

219 2521 234 2582 ξ
253 2523 296 2572 19.
322 2519 363 2572 oei
385 2519 417 2571 iu
439 2519 492 2583 eie,
513 2533 581 2586 quoe
602 2534 746 2587 uunquam
799 2515 1005 2572 Koustruktion
1022 2515 1079 2584 vgl.
1100 2515 1155 2571 (lie.
1180 2534 1269 2572 eumn.
1288 2516 1357 2586 Scip.

183 2590 309 2643 uidimus.
329 2588 393 2657 Vgl.
404 2593 419 2653 ξ
429 2593 463 2642 18
482 2590 744 2657 columesque.
801 2593 825 2654 1,
842 2595 855 2640 1
871 2585 979 2642 Deiudc
998 2603 1054 2656 eqo
1068 2587 1148 2642 illum
1162 2589 1197 2643 dc
1210 2605 1260 2644 suo
1274 2605 1360 2658 nequo,

219 2659 380 2728 quibuscum
397 2689 433 2698 -
447 2664 574 2726 possunt.
597 2657 654 2713 Der
672 2657 746 2713 Indi·
798 2658 858 2712 ilie
883 2675 924 2712 mc
946 2659 979 2713 de
1000 2663 1097 2713 uoeuu
1119 2675 1149 2712 re
1168 2661 1284 2729 publicu
1301 2676 1361 2728 per-

183 2729 263 2784 kativ
287 2729 375 2795 steht,
403 2727 468 2783 weil
496 2729 546 2783 der
572 2729 745 2784 Relativsetz
799 2733 942 2784 cunctatus
960 2733 1006 2784 eet.

184 2798 311 2854 einiecbe
329 2798 552 2870 Umeobreibung
575 2800 651 2856 eines
677 2799 746 2855 Sub·
833 2801 946 2855 elmuiie
961 2800 1029 2855 erite.
1054 2798 1111 2854 Der
1129 2800 1206 2856 eine
1225 2801 1294 2857 Gen.
1312 2801 1360 2854 eb·

184 2869 404 2940 etontivbegriffs
422 2869 468 2924 iu.
799 2871 906 2941 hbngig
933 2887 998 2926 vom
1025 2871 1152 2936 andeins
1173 2872 1230 2942 vgl.
1257 2878 1302 2940 11,
1326 2878 1356 2926 37

220 2940 745 3011 memorieSpeaialisierenderZuseta.
800 2943 879 2996 illitos
895 2943 1015 3010 furorum
1041 2957 1091 3012 pro
1111 2941 1179 2998 Sull.
1202 2949 1225 3012 1,
1245 2950 1261 2997 2
1280 2944 1359 2998 leuius
1452 2969 1453 2994 ι

220 3013 292 3082 quod
309 3013 422 3082 quicque
443 3013 581 3068 uenderet.
619 3013 676 3067 Der
694 3012 747 3068 Re·
797 3011 1136 3081 concrememur
1163 3029 1277 3082 quorun
1294 3015 1359 3068 mui-

184 3083 315 3138 leiiveetz
346 3083 386 3137 ist
416 3084 622 3153 nechgesiellt,
657 3084 748 3139 deruit
800 3088 898 3138 torum.
926 3113 960 3124 -·
983 3085 1040 3138 Der
1061 3085 1161 3153 ulmeae,
1185 3084 1230 3137 die
1252 3083 1311 3137 sich
1332 3085 1360 3138 iu
1452 3103 1453 3110 ¹

184 3155 748 3294 ἓιεερῗαιιινιὲἃιῖειξετιὲιὲιθέθψὲἔᾶὶ
800 3153 1360 3293 prekqsehegtVqrdiqntehtqrtngesoqneqers

206 3242 341 3280 muse.
444 3243 574 3294 ‚.e
800 3241 1116 3294 umenee‚e
1263 3241 1358 3279 sen

184 3295 256 3365 quod
274 3268 492 3365 queque'seuu.
800 3295 924 3351 nechher
947 3295 992 3350 die
1011 3313 1097 3352 mores
1119 3264 1289 3367 gegenubeu
1313 3297 1361 3350 eui

218 3382 385 3436 qeueroeum,
403 3373 435 3421 ut
452 3370 494 3423 ito
512 3368 610 3423 dicum.
649 3367 745 3422 Cicero
801 3366 892 3420 denen
915 3367 960 3420 die
983 3367 1079 3421 iuuere
1099 3364 1293 3422 Trefflichkeit
1313 3366 1356 3420 be-

184 3437 340 3508 gebreueht
353 3437 403 3492 des
418 3437 500 3492 Weri
512 3453 656 3506 yeueroeue
675 3441 747 3508 (γιν-
800 3437 873 3492 ruht.
893 3435 967 3507 (Vgl.
987 3438 1059 3492 euch
1078 3439 1150 3492 Einl.
1170 3443 1185 3504 ξ
1203 3443 1230 3505 4,
1250 3438 1301 3506 16.)

185 3510 276 3577 vetos)
299 3509 329 3562 iu
352 3508 553 3578 tibertragener
580 3509 748 3579 Bedeutuug
837 3523 936 3562 caueae
953 3507 1095 3579 diluendi.
1124 3509 1181 3564 Dee
1200 3509 1283 3564 Wort
1298 3524 1352 3562 cou-

185 3597 238 3634 nur
264 3579 318 3633 mit
341 3578 418 3634 einer
440 3579 544 3634 belben
566 3579 746 3634 Entsehuldi-
801 3593 847 3633 suc
864 3578 968 3633 berubi
985 3580 1037 3635 auf
1054 3581 1130 3644 einer
1148 3580 1203 3635 mit
1217 3579 1280 3636 dem
1293 3575 1350 3630 Ver·

184 3667 275 3721 gung;
293 3669 316 3704 z.
336 3649 366 3704 Β.
385 3651 464 3705 Tunc.
485 3656 510 3718 2,
529 3656 554 3718 6,
575 3655 608 3704 16
627 3651 658 3704 id
675 3652 748 3719 quod
801 3649 951 3719 belbegriii
983 3652 1131 3720 (profectae
1161 3656 1240 3721 eunt)
1266 3661 1351 3716 vorge-

184 3727 289 3777 uutuuu
306 3723 369 3791 obeo
387 3726 412 3777 et
437 3721 597 3790 quaedum
619 3737 748 3791 qeneroeo
801 3718 1352 3796 nommenenSubsteniivierungqyelobe

184 3794 273 3847 virtue
290 3794 384 3848 statim
401 3793 520 3861 neopum
538 3790 615 3846 Brut.
638 3797 681 3858 ⁵15,
695 3798 747 3846 261
802 3791 867 3846 dem
885 3793 1043 3848 Deutscben
1062 3793 1151 3847 iremd
1171 3792 1217 3848 ist.
1243 3789 1355 3846 Abulicb

184 3864 276 3929 formu
297 3864 445 3933 moquiiieo
469 3867 494 3917 et
515 3879 645 3932 qeneroeu
667 3879 746 3932 quo-
802 3861 999 3932 Liv.3n‚e4‚u
1017 3865 1062 3918 Ab
1078 3865 1135 3919 iilia
1149 3864 1356 3933 principium

184 3934 363 3990 dammodo.
801 3934 864 3990 belli
884 3941 975 3990 ortum
998 3941 1049 4000 eet,·
1075 3933 1131 3988 (lie.
1152 3933 1213 3990 ou.
1233 3940 1263 4002 4,
1283 3940 1310 4006 6,
1328 3939 1355 3986 11

220 4009 252 4059 ut
269 4006 388 4076 quisque.
422 4003 542 4060 Hiermit
561 4003 679 4074 beginnt
697 4005 746 4060 der
806 4005 1089 4060 Veneriorumque
1103 4007 1195 4060 oculor
1209 4009 1357 4075 aspectus

184 4075 333 4130 Neebsotu.
802 4075 916 4145 Oetlteqi.
1289 4128 1292 4138 „

221 4151 236 4211 ξ
255 4152 297 4201 30.
316 4148 394 4203 uuile
412 4153 493 4218 coeat.
519 4146 586 4203 Gen
606 4148 663 4202 und
682 4146 745 4202 Abi.
837 4152 852 4211 ς
870 4152 912 4200 31.
941 4147 1097 4214 cuiqamue,
1123 4145 1269 4202 Terminus
1286 4145 1355 4199 tech-

185 4232 240 4271 von
259 4234 335 4273 uemo
354 4218 415 4274 eind
434 4219 682 4290 ungebriucblieh.
799 4216 878 4270 nicus
897 4216 972 4270 beim
991 4214 1259 4284 Schuldverfubren,
1282 4215 1355 4270 leiieb

219 4290 383 4356 Africanus.
413 4288 439 4344 S.
458 4308 493 4344 uu
511 4295 526 4356 ς
546 4295 580 4344 rt
598 4291 743 4356 Africano.
799 4285 919 4340 hinuber
937 4303 970 4339 au
992 4287 1176 4352 fueruramur.
1214 4286 1278 4354 Vgl.
1298 4285 1353 4340 Son.

220 4376 267 4430 eqo
293 4401 368 4428 ...,
394 4361 440 4414 iile
465 4404 471 4416 .
493 4401 524 4416 ..
549 4361 654 4415 deleuit.
692 4359 746 4412 Zur
800 4372 843 4424 ep.
859 4361 875 4409 9
894 4359 956 4424 ieta,
975 4373 1057 4426 quam
1075 4362 1106 4411 tu
1125 4355 1266 4423 describis,
1284 4370 1353 4425 ucqo·
1433 4375 1447 4410 ·,
