2946 4758
158 175 202 240 20
663 179 821 238 LAELIUS

159 345 217 404 tiae
247 349 368 404 nostrae
399 344 574 404 memoriam
604 362 693 424 spero
722 345 932 422 sempiternam
962 345 1040 424 sore,
1074 347 1165 424 idque
1197 369 1233 411 eo
1263 351 1336 415 mihi

158 432 252 510 magis
278 439 326 492 est
352 429 449 511 cordi,
477 432 557 511 quod
585 451 622 494 ex
650 431 786 494 omnihus
818 430 944 492 saeculis
965 434 1015 492 vix
1038 435 1094 493 tria
1118 443 1169 496 aut
1193 447 1336 516 quattuor

159 520 352 580 nominantur
374 521 456 598 paria
481 523 734 600 amicorumque
759 520 791 578 in
814 536 924 596 genere
949 537 1070 599 sperare
1094 522 1197 586 videor
1221 525 1336 607 Scipio·

162 609 209 669 nis
233 615 263 667 et
285 605 368 670 Laeli
390 609 548 674 amicitiam
571 616 670 668 notam
693 609 860 684 posteritati
882 608 956 668 iore.

117 705 150 754 16
248 694 398 760 Fannius.
444 697 524 760 istuc
547 693 675 773 quidem,
697 693 787 775 Laeli,
810 697 850 757 ita
874 714 998 758 necesse
1022 706 1077 758 est.
1115 698 1174 760 Sed
1195 705 1334 780 qiaoniam

160 786 307 846 amicitiae
330 788 511 850 mentionem
534 783 632 843 fecisti
654 790 685 842 et
708 801 813 844 sumus
836 785 938 865 otiosi,
968 795 1140 865 pergratum
1164 789 1236 850 mihi
1257 790 1335 852 iece-

160 875 203 935 ris
226 907 263 918 -
286 894 374 956 spero
397 877 468 935 item
492 868 630 932 Saevolae
648 903 702 953 -,
726 874 760 953 si,
784 891 873 954 quem
897 874 933 935 ad
957 874 1078 936 modum
1104 876 1182 940 soles
1201 877 1237 938 de
1256 888 1333 940 cete-

160 965 204 1024 ris
231 963 336 1044 iebus,
366 979 433 1022 eum
462 977 498 1019 ex
525 966 555 1019 te
584 963 753 1041 quaeritur,
781 965 825 1023 sio
854 963 890 1022 de
919 965 1047 1024 amicitia
1075 964 1238 1044 disputaris
1266 967 1337 1046 quid

163 1055 283 1133 sentias,
307 1048 423 1129 qualem
445 1049 608 1129 existimes,
632 1068 708 1128 qnae
731 1060 891 1132 praecepta
914 1051 976 1112 des.

253 1141 427 1201 Sonnvons.
464 1135 537 1198 Mihi
554 1155 626 1198 vero
646 1141 704 1199 orit
721 1147 852 1221 gratum3
875 1148 964 1220 atque
984 1140 1014 1202 id
1033 1143 1131 1220 ipsum
1150 1161 1218 1203 eum
1237 1152 1338 1206 tecum
1425 1199 1428 1204 .
1464 1195 1465 1202 ,

159 1247 246 1307 agero
270 1243 408 1303 conarer,
432 1223 563 1286 Fannius
586 1231 761 1309 antevortit3
792 1247 881 1308 quam
904 1229 942 1290 ob
966 1248 1030 1290 rem
1055 1232 1173 1308 utrique
1198 1240 1338 1292 nostrum

159 1325 275 1396 gratum
298 1312 457 1375 admodum
481 1314 597 1377 feceris.

110 1413 145 1462 17
243 1402 274 1464 V.
298 1401 442 1464 Lamnus
485 1402 547 1482 Ego
571 1420 641 1464 vero
667 1421 726 1463 nou
745 1419 896 1483 gravarer,
919 1408 945 1465 si
965 1407 1038 1468 mihi
1056 1410 1121 1487 ipse
1141 1408 1336 1470 confiderem:

158 1511 227 1554 nam
249 1500 281 1552 et
302 1491 454 1570 praeclara
477 1510 527 1552 res
552 1500 597 1552 est
620 1499 651 1552 et
675 1508 792 1572 sumus,
817 1500 851 1553 ut
873 1491 949 1552 dixit
972 1493 1112 1575 Fannius,
1136 1499 1231 1578 otiosi.
1278 1495 1338 1557 Sed

159 1583 226 1660 quis
248 1598 303 1659 ego
328 1598 395 1642 sum
418 1588 470 1641 aut
488 1598 564 1659 quae
583 1589 630 1641 est
647 1582 678 1641 iu
699 1597 746 1640 me
765 1576 912 1641 facultas?
944 1579 1107 1644 Doctorum
1128 1596 1174 1647 est
1192 1588 1249 1646 ista
1268 1603 1338 1646 con-

159 1669 285 1730 suetudo
310 1686 403 1747 eaque
428 1667 619 1751 Graecorum,
642 1677 677 1730 nt
700 1670 737 1730 iis
762 1678 889 1748 ponatur
913 1668 950 1730 de
975 1687 1033 1747 qno
1057 1670 1212 1750 disputent
1236 1691 1338 1752 quam·

159 1760 203 1818 vis
235 1757 343 1818 subito.
389 1757 528 1837 Magnum
561 1775 636 1838 opus
671 1765 717 1820 est
748 1765 875 1837 egetque
906 1759 1119 1819 exercitatione
1149 1777 1209 1820 non
1239 1779 1338 1839 parva.

161 1846 255 1916 Quam
283 1845 321 1907 ob
349 1865 414 1907 rem
442 1865 518 1925 quae
546 1847 692 1927 disputari
720 1846 756 1908 de
782 1849 910 1908 amicitia
932 1854 1073 1927 possunt,
1101 1847 1138 1907 ab
1161 1849 1205 1909 eis
1229 1865 1338 1908 censeo

159 1937 281 2016 petatis,
311 1938 363 2014 qui
390 1938 446 1997 ista
474 1937 668 2016 profitentur:
697 1955 752 2015 ego
779 1953 832 1996 vos
860 1936 974 1996 hortari
1002 1943 1119 1996 tantum
1141 1953 1276 2016 possum,
1304 1944 1339 1996 ut

160 2026 319 2086 amicitiam
342 2024 481 2086 omnihus
505 2025 596 2087 rebus
620 2025 758 2087 humanis
781 2025 982 2105 anteponatis3
1010 2023 1084 2084 nihii
1107 2032 1153 2085 est
1176 2026 1254 2085 enim
1278 2032 1339 2084 tam

160 2121 286 2174 naturae
315 2123 431 2194 aptum,
460 2121 520 2174 tam
551 2117 729 2176 conveniens
753 2114 789 2175 ad
813 2131 862 2174 res
886 2114 932 2174 vel
956 2112 1102 2174 secundas
1125 2112 1171 2173 vel
1194 2111 1339 2198 adversas.

113 2207 146 2257 18
160 2200 219 2262 Sed
247 2201 304 2263 hoc
332 2203 463 2280 primum
491 2205 602 2283 sentio,
629 2205 687 2264 nisi
719 2205 750 2262 in
773 2201 860 2262 bonis
884 2203 1043 2263 amicitiam
1067 2220 1134 2263 esse
1157 2220 1217 2262 non
1239 2218 1342 2281 posse:

165 2308 263 2369 neque
286 2289 317 2350 id
341 2289 377 2350 ad
396 2289 494 2348 vivum
513 2307 626 2370 reseco,
648 2298 684 2350 ut
701 2289 752 2370 iili,
775 2291 827 2367 qni
846 2289 919 2352 haec
938 2287 1077 2350 subtilius
1096 2290 1257 2371 disserunt,
1280 2290 1339 2350 ior·

196 2501 235 2552 eat
253 2497 336 2552 corda.
365 2497 398 2550 In
419 2495 510 2550 dieser
522 2495 649 2564 hiufiger
663 2512 724 2550 vor·
778 2493 970 2564 Philosophen
992 2510 1048 2550 von
1071 2494 1147 2549 Fach
1169 2497 1230 2564 (qui
1251 2496 1342 2564 philo-

161 2567 350 2622 kommenden
381 2565 539 2620 Rodensari
571 2566 648 2620 siehi
678 2580 725 2618 eor
777 2565 902 2632 sophiam
910 2566 1094 2634 profitentur).
1129 2565 1165 2619 So
1181 2565 1238 2620 Oic.
1253 2566 1288 2619 de
1302 2582 1342 2620 or.

161 2637 368 2706 metonymisch
382 2637 427 2690 fair
441 2633 723 2692 Heraensinende.
780 2640 804 2701 1,
819 2640 862 2703 22,
878 2641 928 2689 102
945 2635 1040 2705 Quid?
1055 2637 1264 2692 mihdnwncooe
1274 2643 1341 2691 iom-

198 2725 231 2762 66
256 2709 381 2762 omnibns
403 2707 658 2760 anconitanum.
696 2705 723 2759 S.
777 2722 860 2774 quom
878 2707 966 2761 alicui
980 2707 1147 2763 Graeculo
1166 2709 1252 2764 otioso
1266 2713 1291 2762 ot
1304 2709 1341 2762 lo·

163 2779 208 2834 die
226 2778 392 2848 Einleiiung
410 2782 425 2842 6
443 2781 470 2844 4,
490 2782 532 2830 17.
777 2778 860 2846 quom
873 2783 897 2832 et
910 2778 1026 2845 fortunae
1041 2780 1228 2850 doceantque
1236 2779 1343 2834 erudito

198 2855 213 2916 ς
229 2854 269 2904 16.
287 2849 375 2906 oiioei.
396 2847 723 2917 semtsgesohnftesean-
777 2849 1342 2920 ducendantcuiom,dequoancariitrotu

163 2921 218 2976 den
241 2920 306 2975 dem
328 2919 511 2990 prakiischen
529 2919 633 2974 Rdmer
655 2919 723 2974 odeis
777 2921 884 2988 mucor,
899 2921 1055 2990 ponitis?
1068 2922 1166 2975 -an
1178 2919 1267 2976 Saehe
1284 2919 1341 2990 vgl.

163 2995 203 3046 im
216 2991 433 3062 Vordergrnnde
447 2991 504 3044 und
519 2990 631 3046 durftsn
645 2989 724 3045 nicht
778 2989 834 3047 eia.
854 2992 953 3046 defin.
972 2999 1003 3060 2,
1028 2999 1056 3059 1,
1084 2991 1342 3060 tsopniseoraone

163 3081 211 3118 um
241 3063 446 3119 dheoreiischer
479 3061 598 3117 Studien
629 3060 725 3115 willen
777 3078 890 3117 nummo
905 3064 1015 3131 pomos
1033 3068 1071 3116 esi
1085 3077 1170 3116 coeno
1184 3061 1338 3116 Leontinus

163 3133 387 3205 vemachldssigi
396 3131 724 3204 werden(vgl.Sall.Oai.
779 3132 899 3204 Goryioa
922 3135 980 3200 (um
998 3135 1062 3202 444)
1086 3134 1118 3186 io
1141 3135 1274 3185 concentu
1287 3146 1339 3198 po-

163 3211 180 3259 3
198 3205 256 3259 und
274 3210 303 3273 4;
322 3205 383 3275 Ing.
402 3205 490 3260 3und
504 3207 541 3276 4).
569 3204 650 3259 Auoh
664 3203 726 3272 golt
778 3205 1046 3273 ecereqnoeeto'ooem,
1056 3203 1132 3257 idest
1140 3201 1233 3282 iubere
1242 3201 1340 3267 dicere,

162 3293 216 3330 nur
243 3275 303 3343 der,
333 3276 453 3332 welchor
479 3293 545 3332 vom
570 3276 666 3330 Stante
694 3275 724 3330 in
779 3291 835 3345 qno
853 3275 886 3330 de
903 3291 932 3328 re
949 3276 1012 3344 qnia
1028 3274 1106 3328 uellet
1123 3273 1230 3326 nodare.

162 3347 309 3417 Anspruch
341 3363 509 3416 genommen
540 3347 649 3415 wurde,
681 3346 723 3401 nls
813 3347 953 3414 deputari
978 3343 1135 3415 enisprichi
1153 3343 1217 3397 dem
1239 3342 1344 3414 obigen

163 3423 327 3487 occupatum
356 3417 436 3488 jeder
463 3418 566 3472 andere
595 3418 724 3488 dagegen
777 3417 883 3486 quoiou
896 3417 1046 3482 existimem
1061 3446 1095 3455 -
1109 3415 1219 3470 hectori
1235 3415 1342 3470 sodonn

163 3489 205 3543 ais
223 3489 350 3572 otiosum
370 3488 434 3558 Vgl.
454 3491 541 3544 anien
559 3493 656 3573 ²3⁸⁶
675 3489 724 3558 qui
778 3489 842 3542 dem
860 3502 929 3556 quoe
942 3492 1093 3571 ptaeoeptc
1110 3487 1164 3542 des.

162 3564 618 3700 wideriidiipiiiiiidii·
779 3557 1339 3700 2,sentententiammin}

198 3703 306 3771 qualem
324 3701 472 3756 euntium:
495 3700 552 3770 vgl.
572 3701 643 3756 Einl.
664 3706 679 3767 5
698 3708 724 3770 6,
778 3700 893 3756 tatinus.
931 3701 1043 3758 Ebenso
1063 3701 1119 3758 eia.
1140 3700 1200 3758 Oai.
1219 3706 1243 3767 4,
1263 3703 1287 3766 6,
1307 3700 1339 3749 13

163 3772 195 3842 Β,
213 3773 227 3826 Ι
244 3772 302 3826 und
319 3772 353 3827 ΙΙ.
368 3803 404 3813 -
416 3789 486 3842 quoe
499 3777 648 3841 praecepto
666 3772 725 3827 dea:
782 3771 939 3830 Vereomioa'
957 3791 1057 3830 censen.

164 3843 289 3927 daseliosi
306 3842 355 3897 111.
697 3915 703 3927 ι
815 3860 862 3914 eqo
881 3876 916 3928 -7
935 3847 1116 3927 anteponatis.
1164 3843 1262 3897 Dieser
1292 3839 1344 3896 Ge-

163 3913 724 4056 Ktitttetmitittittt:
777 3911 1345 4055 dimidie*tidititiiiittti

164 4055 351 4112 Hinsichilieh
374 4057 423 4112 der
446 4056 651 4126 Naohsiellung
674 4056 723 4111 des
777 4056 927 4124 Rede(2‘1,
947 4058 1018 4124 104).

164 4127 310 4182 admodum
327 4128 384 4198 vgl.
404 4135 447 4198 16,
467 4134 501 4183 66
515 4128 587 4184 ouili
597 4143 723 4196 proretas.
812 4131 827 4191 6
848 4131 889 4180 18.
908 4127 940 4179 iu
955 4126 1041 4181 bonis.
1061 4125 1125 4195 Vgl.
1138 4130 1180 4194 18,
1195 4131 1229 4180 65
1244 4126 1343 4181 amiei-

200 4202 276 4262 617.
313 4204 345 4253 ot
367 4200 440 4253 dicit
463 4198 603 4254 Fannius.
642 4197 668 4254 S.
689 4217 723 4250 zo
776 4197 845 4251 tiam
862 4196 920 4248 oasa·
933 4197 1005 4250 inter
1019 4197 1102 4252 bonos
1116 4212 1241 4252 essenon
1250 4211 1338 4265 poene.

163 4273 179 4334 5
197 4272 214 4321 8
232 4274 263 4323 ut
281 4275 319 4324 ost
337 4269 447 4324 dietum.
812 4269 1125 4336 oeque-resonantiae.
1136 4265 1341 4322 DenSioikern

199 4339 347 4396 doctorum.
379 4339 431 4395 Die
449 4340 523 4395 docti
540 4342 577 4408 (6,
597 4342 642 4407 21)
661 4336 723 4392 sind
777 4350 835 4390 war
847 4335 979 4392 niemond
994 4339 1089 4406 boone,
1103 4339 1146 4394 als
1162 4339 1212 4393 der
1227 4337 1347 4406 sepiem,
