2946 4758
116 167 161 235 56
313 218 319 230 .
624 169 793 256 mnnita,

118 336 171 398 sed
199 353 236 398 ne
264 335 359 398 libero
387 337 506 417 quidem
536 336 623 416 (ligna
652 344 711 417 est3
738 335 823 397 aliter
847 338 1017 399 enimcum
1041 346 1179 420 tyranno,
1207 340 1298 401 aliter·

73 447 108 497 90
120 442 189 486 oum
212 427 306 486 amico
329 427 446 486 vivitur.
488 425 580 487 Cuius
604 433 704 487 autem
723 442 811 486 aures
830 423 946 486 clausae
966 428 1082 487 veritati
1102 436 1180 509 aunt,
1202 436 1237 489 nt
1254 427 1298 488 ab·

119 515 213 574 amieo
237 531 341 582 verum
364 515 467 576 audire
490 523 628 594 nequeat,
653 513 743 574 huius
767 512 846 574 salus
870 513 1053 594 desperanda
1077 523 1130 576 est.
1177 515 1292 577 Scitum

117 609 163 663 est
191 603 269 663 enim
298 602 370 662 illud
395 601 529 684 Catonis,
556 609 591 664 ut
618 602 723 663 multa:
754 596 873 663 ‘melius
900 602 937 662 de
966 601 1144 681 quibusdam
1167 604 1293 666 acerbos

116 691 252 751 inimicos
270 694 389 772 mereri,
407 710 497 771 quam
515 708 566 752 eos
585 693 705 772 amieos,
724 693 776 769 qui
794 690 897 751 dulces
917 691 1085 772 videantur3
1105 692 1171 753 illos
1188 711 1292 754 verum

116 797 204 858 saepe
227 778 342 860 dicere,
368 779 424 840 hos
447 775 621 859 nunquam?
666 777 763 858 Atque
786 778 860 839 illud
884 778 1060 862 absurdum,
1085 781 1163 860 quod
1186 783 1226 863 ii,
1240 783 1294 860 qui

115 874 288 950 monentur,
316 886 381 929 eam
410 869 575 930 molestiam
603 886 691 948 quam
718 866 828 930 debent
850 885 958 946 capere
981 885 1041 930 non
1065 871 1200 951 capiunt,
1226 887 1296 930 eam⁴

115 958 237 1036 capiunt
260 975 318 1036 qua
341 955 452 1018 debent
470 975 583 1018 vacare.
619 956 764 1018 Peeoasse
784 958 862 1017 enim
882 975 913 1017 se
933 974 993 1018 non
1013 964 1173 1039 anguntur,
1191 957 1293 1018 obiur-

115 1047 177 1123 gari
201 1044 325 1106 moleste
354 1046 468 1107 lerunt:
491 1044 571 1125 quod
594 1053 699 1108 eontra
723 1044 890 1149 oportent,
902 1044 1010 1106 delicto
1034 1045 1150 1126 dolere,
1174 1065 1297 1128 corree-

67 1180 76 1196 .
115 1135 196 1194 tione
220 1133 358 1211 gaudere.
628 1149 640 1162 ·
876 1194 880 1198 ,
944 1175 948 1180 -
1142 1184 1146 1190 .

70 1245 103 1293 91
204 1220 290 1282 XXV.
315 1220 354 1282 Ut
375 1224 467 1301 igitur
490 1230 521 1283 et
545 1241 666 1284 monere
691 1229 720 1283 et
740 1224 855 1282 moneri
873 1224 1030 1302 proprium
1049 1231 1096 1283 est
1115 1240 1201 1283 verae
1220 1225 1297 1284 ami·

115 1311 215 1391 eitiae,
239 1318 269 1371 et
291 1310 417 1372 alterum
440 1310 533 1371 libero
558 1311 669 1392 lacere,
692 1329 752 1371 non
776 1329 894 1390 aspere,
925 1310 1052 1371 alterum
1075 1313 1224 1390 patienter
1247 1330 1304 1390 ae:

115 1399 229 1479 cipere,
260 1417 321 1460 non
351 1405 568 1481 repugnantem
601 1401 644 1474 sie
674 1397 843 1460 habendum
875 1406 921 1459 est
950 1399 1060 1460 nullam
1091 1401 1123 1459 in
1154 1401 1300 1482 amicitiis·

112 1494 229 1566 pestem
266 1505 332 1548 esse
364 1489 522 1569 maiorem,
560 1507 648 1568 qnam
680 1486 879 1548 adulationem
912 1487 1085 1549 blanditiam
1118 1491 1292 1550 assentatio·

76 1555 212 1670 ,affl
229 1578 362 1654 quamvis
395 1579 474 1639 enim
506 1576 610 1638 multis
637 1575 807 1637 nominibus
836 1585 882 1637 est
908 1575 965 1636 hoe
995 1578 1099 1638 vitium
1129 1577 1296 1638 notandum

81 1662 223 1725 ‘'t-levium
246 1662 401 1725 hominum
423 1673 512 1745 atque
537 1665 693 1746 fallacium,
717 1665 752 1724 ad
776 1664 958 1725 voluntatem
977 1663 1292 1746 loquentiumomnia,
1327 1717 1329 1722 .

70 1751 188 1824 oonilril
216 1751 252 1812 ad
283 1755 447 1816 veritatem.
493 1753 568 1814 Cum
597 1763 694 1814 autem
723 1755 855 1814 omnium
888 1771 990 1814 rerum
1015 1752 1164 1814 simulatio
1188 1746 1303 1814 vitiosa¹

116 1847 163 1900 est
181 1873 224 1884 -
242 1840 319 1901 tollit
342 1844 421 1904 enim
445 1842 589 1904 indicium
611 1844 674 1903 reri
696 1840 787 1920 idque
811 1841 962 1903 adulterat
981 1875 1033 1923 ——,
1056 1849 1130 1902 tum.
1145 1844 1300 1918 amicitiae·

116 1937 262 2008 repugnat
284 1933 425 2012 maxim03
444 1930 527 1992 'delet
551 1933 630 1992 enim
653 1931 817 2010 veritatem,
841 1933 905 1990 sine
929 1948 987 2009 qua
1011 1948 1120 1990 nomen
1145 1931 1295 1992 amicitiae

74 2083 76 2090 ,
116 2017 213 2080 valere
236 2036 296 2078 non
318 2027 426 2099 potest.
462 2019 537 2081 Nam
560 2038 629 2081 oum
652 2020 797 2106 amicitiae
816 2022 860 2079 vis
879 2021 967 2080 sitin
986 2037 1032 2100 eo,
1056 2027 1090 2080 ut
1109 2037 1188 2080 unns
1207 2021 1296 2099 quasi
1347 2031 1367 2056 ’

155 2277 248 2345 libero,
267 2276 496 2346 substantiolam,
515 2293 565 2332 eus
580 2251 677 2332 Anlals
732 2278 866 2333 eiusmodi
888 2277 1020 2332 conviviis
1044 2279 1237 2344 constituentem
1261 2278 1300 2334 de

118 2349 169 2402 <len
187 2349 435 2418 vorhorgehenden
452 2350 547 2405 amieo.
733 2349 806 2404 dom.
827 2353 869 2416 13,
889 2353 923 2402 36
946 2347 990 2402 Tn
1005 2343 1093 2423 neque
1105 2348 1240 2404 Fonteiae
1258 2365 1302 2417 ea,

156 2423 242 2492 §tte⁸
271 2419 390 2478 Catonia.
429 2419 455 2475 S.
481 2420 679 2486 nu§§tund
750 2419 1298 2488 nieoaedebebas,ateqraepotrisltereo;

121 2497 145 2546 6.
172 2521 206 2530 -
231 2479 416 2547 lhnliohkeit
443 2492 496 2547 mit
521 2492 584 2545 dem
609 2493 679 2546 Aus-
733 2437 756 2544 l>

121 2561 241 2630 sprnehe
255 2561 306 2616 hat
317 2561 554 2618 SohilleroWort:
571 2561 680 2617 Tener
733 2563 796 2616 itare
814 2565 1008 2630 poteram
1022 2563 1056 2614 ''t'e
1079 2562 1234 2629 totostoto,
1252 2567 1296 2616 ta·

120 2631 169 2686 iet
182 2631 244 2685 mir
257 2632 317 2686 dar
329 2630 478 2700 Fround,
495 2631 581 2687 doeh
594 2632 680 2687 nuoh
734 2649 796 2687 men
813 2647 870 2685 non
883 2629 1034 2699 proferam.

122 2703 185 2755 den
212 2701 318 2756 Feind
345 2702 433 2756 kann
460 2702 516 2757 ioh
542 2705 681 2758 niitzen:
771 2707 848 2768 §itt
877 2703 917 2756 aie
934 2703 1089 2756 habendam
1108 2701 1302 2757 estmiiAoo.

123 2772 221 2842 Zeigt
235 2771 296 2826 mir
311 2773 530 2842 deri'lrannd,
545 2790 611 2829 was
624 2774 681 2828 ioh
735 2772 818 2830 nini.
839 2772 1006 2842 Wegendeo
1017 2772 1299 2842 demvorhergehon-

122 2843 224 2909 knnm
252 2843 346 2898 lehrt
367 2845 457 2900 mich
480 2846 538 2900 der
561 2843 681 2914 Foind,
736 2845 790 2900 den
814 2849 846 2898 nt
869 2844 1111 2912 entapreohenden
1132 2844 1173 2898 alo
1190 2843 1230 2898 int
1248 2844 1302 2899 das-

122 2931 189 2970 wea
208 2913 263 2968 ioh
282 2915 357 2970 soll.
736 2917 833 2970 aweite
843 2916 883 2970 oio
893 2913 1074 2984 anagefallen,
1090 2913 1210 2969 welches
1220 2917 1301 2970 sonet

159 2991 254 3041 eontra
278 2987 421 3056 (Adverb.)
448 2988 587 3056 opertaen
612 2987 682 3042 wird
735 2987 827 3042 neben
844 2987 998 3040 habendum
1016 2990 1055 3039 eat
1074 2985 1173 3039 atehen
1186 2985 1302 3055 malote,

124 3087 158 3097 -
176 3055 286 3126 logiaoh
305 3073 436 3128 ungenau
454 3088 486 3098 -
506 3057 536 3112 ln
557 3057 682 3112 Relativ·
736 3076 784 3111 um
806 3057 853 3112 die
877 3056 1058 3126 abhtngigen
1081 3054 1180 3111 Worte
1204 3057 1299 3110 einzu-

123 3127 300 3197 verbindung
323 3129 420 3197 (qnod)
446 3127 500 3183 mit
526 3129 592 3183 dem
614 3129 684 3182 Vor·
737 3128 846 3183 fiihren.
874 3128 928 3181 Am
942 3126 1103 3197 haufigaton
1116 3127 1304 3183 kommtdiea

123 3197 321 3268 hergehenden
334 3199 476 3267 gebracht.
504 3198 682 3254 EbenaoOio.
737 3199 777 3253 sio
795 3199 904 3266 haben,
923 3198 962 3252 im
982 3197 1067 3252 Sinna
1085 3214 1141 3253 von
1158 3199 1237 3264 aeine,
1259 3200 1302 3253 im,

124 3269 160 3324 de
183 3283 240 3323 sen.
264 3273 312 3337 23,
336 3274 371 3323 84
394 3271 471 3358 (filii)
492 3287 510 3324 o
527 3287 569 3325 me
586 3285 685 3340 corpus
737 3269 908 3338 Imperativo
927 3286 986 3324 vor.

124 3345 163 3396 eat
185 3344 345 3408 crematum,
369 3342 442 3408 quoa
464 3345 561 3396 contro
583 3342 683 3408 demat,
727 3372 731 3380 .
773 3340 1304 3408 nullamneamicitiiapestem-asoen-

125 3407 160 3466 ala
178 3411 227 3464 illo
245 3427 341 3465 meam.
475 3471 478 3476 Δ
738 3412 875 3466 tationem.
905 3409 931 3464 S.
947 3415 1010 3476 ως
1027 3416 1062 3464 34
1071 3415 1180 3479 pentem.
1193 3410 1304 3466 -Von

161 3481 588 3550 debent—debeat-oportebat.
621 3481 685 3536 Von
739 3479 843 3554 obigen
857 3480 917 3562 dgei
930 3479 1018 3536 Arten
1032 3481 1082 3535 der
1096 3478 1299 3536 Sohmeieiiolei

126 3551 685 3608 denVerbendesKtinnensunthiooena
739 3551 814 3622 neigt
832 3551 892 3606 sich
910 3551 955 3606 die
970 3551 1042 3606 erote
1055 3551 1111 3606 und
1127 3552 1304 3607 oehlimmote

125 3623 197 3678 wind
228 3624 278 3677 der
307 3623 373 3678 Irni.
401 3622 494 3676 Proca.
522 3621 686 3692 gebraucht,
738 3623 768 3677 in
792 3622 977 3678 lrriaohender
995 3621 1301 3693 Selbsterniedrignng3

126 3692 687 3820 lillallliihlihali⁰lln²liidllll
740 3693 1305 3820 millii-flbiliillieifilli?

129 3835 233 3905 (mule),
243 3853 292 3890 aur
300 3806 484 3905 alneliihro’ng
492 3835 610 3901 kommt,
621 3836 687 3890 oder
760 3834 854 3906 ingter
871 3807 1085 3904 Beia’timmung.

126 3907 214 3964 nieht.
232 3906 429 3976 Solldagegen
439 3906 623 3961 sehondureh
633 3907 688 3962 dan
777 3908 901 3976 anamma
918 3907 1012 3960 multia
1025 3923 1051 3959 u.
1067 3923 1136 3963 an.
1162 3905 1227 3975 Vgl.
1242 3904 1303 3962 cio.

126 3975 274 4033 Ausdruolr
294 3977 397 4031 darauf
411 3975 601 4046 hingowiasen
618 3993 687 4032 wer·
741 3977 776 4033 do
798 3978 844 4034 fin.
869 3983 898 4045 a,
922 3982 952 4044 4,
980 3983 1013 4030 14
1035 3978 1087 4031 erit
1110 3977 1181 4031 enim
1198 3978 1303 4044 notior,

128 4049 196 4115 don,
215 4047 277 4102 dass
300 4047 345 4102 die
368 4047 549 4118 Auefiihrung
571 4049 687 4103 unior·
741 4049 876 4118 quateret,
889 4048 1019 4116 pleribus
1028 4046 1303 4103 notatnmoooabulio

126 4117 687 4190 bleibt,aowirdderIndJmperfige-
741 4120 812 4175 idem
831 4119 1041 4173 declarantibus.
1100 4157 1103 4162 -

129 4192 250 4256 aetatu.
259 4190 291 4243 B.
302 4188 358 4246 cio.
369 4190 446 4245 Verr.
455 4194 571 4258 4,at,r1
584 4189 688 4246 Gnade·
778 4193 856 4254 592.
892 4189 1135 4256 idqne=vernm

128 4261 246 4327 labrom,
260 4261 340 4316 carina
348 4261 454 4330 falqore
463 4261 602 4316 illustrari
611 4261 689 4316 Iovia
777 4263 809 4312 nt
822 4275 896 4312 unna
909 4259 990 4326 qnasi
1002 4275 1029 4312 u.
1045 4275 1066 4314 a.
1080 4275 1114 4313 w.
1144 4259 1170 4314 S.
1191 4277 1224 4313 au
1238 4263 1252 4324 5
1268 4253 1301 4313 tl

131 4329 163 4384 0.
183 4331 224 4386 M.
248 4331 376 4400 templum
399 4332 585 4401 oportebat,
608 4333 640 4386 td
657 4333 689 4386 itt
743 4330 847 4398 efficiat
859 4344 949 4397 paene
966 4345 1060 4383 renum.

758 2490 807 2546 hir.
827 2495 853 2557 2,
871 2495 896 2558 4,
916 2494 932 2543 a
951 2481 1096 2560 natanias
1114 2491 1228 2556 ranem,
1246 2493 1304 2546 etat
