2946 4758
569 217 630 288 xri,
649 219 795 288 41»xlll‚
814 226 856 275 ιι.

1258 217 1302 283 35

127 393 312 456 Coriolanus.
358 388 412 450 llis
435 387 553 449 adiutor
575 393 680 446 contra
703 386 829 462 patriam
852 385 989 446 inventus
1009 395 1054 448 est
1077 404 1178 467 nemo;
1201 387 1352 468 itaque4

127 491 256 545 mortem
279 478 336 541 sihi
359 486 487 555 uterque
511 473 765 588 consciviQua
783 490 816 533 re
836 472 903 533 talis
921 473 1126 553 improborum
1144 475 1301 536 consensio
1312 477 1345 527 43

127 591 190 634 non
213 569 300 632 modo
324 566 516 628 excusatione
540 564 685 624 amicitiae
709 561 835 642 tegenda
858 579 918 622 non
948 570 1007 643 est,
1035 564 1087 624 sed
1109 567 1209 644 potius
1233 580 1302 643 sup·

126 661 217 742 plicio
245 659 327 720 omni
353 645 528 715 'vindicanda
556 659 616 733 est,
644 659 679 716 ut
705 670 742 712 ne
771 651 839 731 quis
871 668 1049 740 upupppsum
1068 661 1153 730 putet
1176 655 1303 719 amioum

126 745 174 812 vel
205 748 318 810 bellum
348 744 461 822 patriae
490 742 670 802 inferentem
702 743 828 822 sequi]
842 739 928 810 Quod
942 735 945 746 ’
960 739 1093 820 quidem,
1120 749 1165 828 ut.
1180 759 1230 802 res
1257 737 1335 812 ire*

128 841 239 919 coepit,
261 831 341 894 haud
364 833 426 892 scio
446 848 482 890 an
501 829 658 910 aliquando
677 823 821 890 futurum
832 831 884 890 sit:
907 828 980 888 mihi
999 835 1099 890 autem
1117 845 1177 888 non
1195 831 1303 894 minori

60 963 62 966 ·
128 944 221 990 curae
252 928 311 1002 est,
344 920 438 1000 qualis
467 937 516 980 res
546 917 665 1000 publica
697 925 764 998 post
794 928 920 978 mortem
950 935 1045 978 meam
1075 917 1188 998 lutura,
1216 935 1303 996 quana

131 1014 228 1095 qualis
252 1011 338 1072 hodie
362 1011 409 1070 sit.

191 1143 195 1152 ·
221 1099 295 1161 lllll.
341 1097 536 1176 Haecxigitur
558 1097 654 1176 prima
676 1096 724 1156 lex
747 1097 892 1156 amicitiae
916 1095 1128 1181 sanciaturjut
1145 1093 1182 1154 ab
1201 1095 1348 1157 amicisai

130 1192 253 1252 honesta
276 1196 428 1268 petamuS,
459 1187 623 1246 amicorum
647 1203 736 1246 causa
758 1184 882 1245 honesta
905 1184 1071 1263 iaciamus,
1091 1202 1128 1244 ne
1152 1190 1304 1262 exspecta·
1383 1218 1398 1242 ι
1466 1211 1467 1236 ι

131 1298 197 1341 mus
219 1278 341 1358 quidem
365 1275 437 1336 dum
460 1291 615 1356 rogemur,
638 1274 770 1335 studium
794 1290 912 1352 semper
935 1274 1022 1354 assit,
1046 1275 1195 1334 cunctatio
1219 1269 1305 1353 absit,
1385 1305 1388 1312 ·

127 1367 287 1430 consilium
309 1381 381 1425 vero
407 1363 478 1424 dare
501 1363 662 1425 audeamus
690 1361 793 1425 libere.
839 1361 1004 1423 Plurimum
1026 1364 1058 1422 in
1082 1363 1210 1422 amicitia
1232 1362 1303 1424 ami·

128 1454 333 1520 eorumbene
358 1451 545 1514 suadentium
568 1453 662 1513 valeat
689 1454 865 1533 auotoritas,
894 1469 987 1530 eaque
1017 1458 1048 1511 et
1070 1449 1244 1512 adhibeatur
1267 1449 1304 1511 ad

128 1544 309 1607 monendum
339 1559 400 1602 non
423 1541 509 1602 modo
533 1550 648 1623 aperte,
672 1541 724 1601 sed
747 1541 982 1624 etiampmcritep,
1011 1542 1036 1599 si
1060 1557 1109 1599 res
1133 1537 1303 1620 postulabit,

129 1645 160 1696 et
183 1632 329 1694 adhibitae
352 1638 499 1711 pareatur.
544 1629 617 1691 Nam
637 1629 827 1709 quibusdam,
855 1646 931 1708 quos
959 1627 1046 1688 audio
1074 1630 1223 1708 sapientes
1252 1627 1302 1687 ha·
1312 1632 1347 1682 45

128 1724 207 1784 bites
229 1724 261 1782 in
284 1721 421 1801 Graecia,
443 1719 590 1799 placuisse
615 1721 722 1799 opinor
749 1716 894 1778 mirabilia
922 1716 1065 1796 quaedam
1091 1716 1202 1776 —sed
1230 1715 1304 1794 nihil

131 1819 185 1894 est,
208 1811 287 1891 quod
309 1809 352 1871 illi
374 1827 435 1869 non
457 1817 678 1888 persequantur
702 1809 825 1886 ear-guttis
849 1826 905 1867 -τ
928 1809 1036 1885 partim
1059 1805 1213 1886 fugiendas
1237 1823 1302 1866 esse

132 1903 237 1962 nimias
260 1900 413 1979 amicitias,
436 1915 473 1958 ue
497 1915 620 1972 necesse
641 1899 680 1957 sit
698 1914 791 1957 unum
815 1895 973 1956 sollicitum
993 1913 1059 1955 esse
1078 1911 1133 1974 pro
1152 1892 1303 1974 pluribus'3

129 2124 197 2190 αλῇς
215 2121 341 2188 γίγνεται
367 2113 435 2186 παρ’
460 2113 537 2191 αὐτῷ
573 2145 606 2165 =
626 2119 691 2173 dem

130 2163 331 2259 Persetkonige
340 2187 519 2259 Artaxerxes)
535 2209 631 2259 μεγας,
641 2185 690 2244 dact

131 2281 161 2317 rs
181 2257 233 2329 τὴν
251 2257 491 2330 προϋπάρχουσαν
505 2256 622 2332 ἀξίωσιν
641 2261 690 2314 καλ

131 2329 394 2399 τοῦἙλληνιιιοδ
407 2327 541 2402 ἐλπίδα,
556 2325 595 2400 ἣν
610 2327 689 2387 ὑπε-

131 2406 226 2458 τίθει
249 2401 339 2476 αὐτῷ
363 2399 558 2458 δουλώσειν.
579 2433 612 2443 -
632 2405 689 2458 No·

131 2472 217 2543 σήσας
236 2472 268 2529 δὲ
287 2475 404 2547 τελευτᾷ
423 2470 473 2528 τὸν
488 2477 551 2547 βίον
565 2475 601 2542 (a.
617 2477 697 2543 470),-

127 2544 240 2614 λένουσι
249 2545 282 2600 δέ
292 2541 594 2620 τινεςιιαλὲιισδσιον
605 2565 690 2630 φαρ-

128 2614 223 2688 μάκῳ
242 2611 440 2672 ἀποθανεῖν
463 2611 581 2686 αὐτόν,
605 2612 689 2672 doo-

129 2708 232 2743 ναιον
250 2690 440 2757 νομίσαντα
460 2686 552 2742 εἶναι
579 2683 689 2744 ἔπιτε·

129 2757 226 2814 λε’σαι
243 2753 412 2882 Eoritai&
427 2755 603 2828 ὑπέσχετο.
624 2760 688 2828 Vgl.

129 2830 199 2898 Nep.
219 2829 242 2882 Τ
264 2846 315 2883 em.
338 2835 379 2896 10,
398 2835 422 2884 4.

166 2901 337 2956 Coriolanus.
357 2899 383 2953 S.
403 2917 436 2953 au
454 2904 469 2964 ς
487 2905 530 2955 36.

161 2977 238 3038 §43-
268 2971 347 3041 Quod
374 2972 482 3040 quidem
505 3001 539 3010 -
562 2970 690 3036 fateatur

129 3045 173 3100 sit.
193 3041 297 3110 Cicero,
317 3041 438 3097 welcher
456 3041 501 3094 die
520 3040 616 3096 Zeiten
639 3041 689 3096 des

128 3114 246 3183 Murius,
274 3113 365 3183 Sulla,
394 3112 497 3169 Caesar
518 3128 569 3167 vor
591 3112 690 3182 Augen

129 3185 223 3255 hatte,
243 3186 303 3256 legt
320 3201 354 3240 ex
372 3190 467 3240 euentu
489 3183 554 3238 dem
576 3182 689 3238 Laelius

131 3257 175 3311 die
188 3255 401 3326 Prophezeiung
419 3254 529 3310 solcher
544 3253 641 3324 Zeiten
659 3253 688 3307 in

54 3385 58 3394 ,
132 3325 184 3379 deu
192 3323 287 3382 Mund.
314 3327 461 3397 vgism:
476 3324 690 3381 Delttlroecloi

132 3396 275 3480 ortamota
292 3399 360 3466 qoud
377 3403 532 3469 erspectem,
550 3413 606 3453 nou
625 3397 689 3452 libet

132 3481 274 3534 cuparum.

44 3543 48 3552 ’
167 3541 235 3602 §lu
255 3539 440 3593 currilium-
450 3545 593 3609 parentur.
612 3539 689 3594 Wei-

132 3611 175 3664 ter
193 3609 358 3677 ausgelrihrt
375 3609 414 3663 im
433 3611 616 3680 24.'Kapitel.

142 3681 267 3754 χασνίίον
276 3703 312 3724 =
321 3679 519 3764 eindringhch3
535 3683 601 3736 aber
610 3681 690 3736 nicht

129 3750 158 3805 in
178 3744 480 3808 verietaenderWerse
498 3754 567 3824 (ιίυι
586 3753 689 3807 acerbi-

129 3829 183 3877 tate
201 3827 243 3893 24,
263 3826 316 3893 89).

165 3900 242 3958 545.
265 3895 429 3977 pcrtiml-
449 3895 594 3962 parturiat
616 3909 690 3948 αυυο

127 3965 689 4107 ιιιιιιιιλιιιιινιιι

132 4105 185 4170 dea,
194 4121 238 4159 wo
246 4107 325 4174 (Vera
335 4107 432 4178 itali.)
442 4108 487 4162 die
497 4102 601 4176 τροφός
612 4109 688 4176 aegt:

132 4175 200 4245 χρῆν
218 4170 272 4244 γὰρ
292 4180 404 4246 μετρίας
423 4177 463 4240 είς
482 4173 618 4248 ἀλλήλους

133 4248 226 4315 φιλίας
244 4246 370 4314 θνητοὺς
388 4244 599 4317 ἀνακίρνασθαι

132 4317 180 4372 καί
199 4312 236 4387 μὴ
256 4313 328 4386 πρὸς
346 4315 433 4388 ἄκρον
452 4317 555 4388 μυελὸν
568 4319 670 4389 ψυχῆς,

133 4383 234 4444 εὔλυτα
253 4383 282 4442 δ’
304 4385 378 4444 εἶναι
397 4387 556 4459 στέργηθρα
575 4392 688 4460 φρονῶν

776 1974 1026 1996 nummi
1032 1973 1066 1988 ''⁸-

745 2114 802 2174 ἀπό
821 2113 848 2172 τ’
869 2115 999 2173 ὤσασθαι
1017 2117 1065 2173 καλ
1084 2119 1236 2183 ξυντεῖναι.

744 2186 775 2245 τὸ
795 2184 823 2244 δ’
844 2185 917 2260 ὑπὲρ
936 2189 1039 2244 δισσῶν
1057 2191 1125 2259 μίαν
1143 2184 1257 2243 ὠδίνειν

743 2260 838 2349 ψυχὴν
850 2258 982 2350 (χαλεπὸν
1002 2257 1095 2334 βάρος,
1110 2257 1151 2323 ’ὡς
1169 2255 1248 2329 adrui

743 2333 812 2402 τῆσδ
843 2333 1001 2402 υποραλγῶ,

743 2469 816 2558 odfin
835 2470 950 2564 ‘way
967 2465 1054 2542 ἧσσον
1074 2468 1180 2527 ἐπαινῶ

742 2563 792 2672 {tt
809 2547 995 2687 ἕνίρῗφξσῖίνῖί
1006 2616 1094 2685 σοφοί
1108 2634 1166 2697 μοι..

744 2689 835 2743 Wenn
873 2687 970 2743 Cicero
1005 2687 1067 2741 hier
1101 2686 1205 2757 (glerch
1237 2687 1303 2742 dem

743 2758 876 2814 Plutarch
889 2759 955 2826 περὶ
968 2759 1137 2827 πολυφιλίας
1151 2764 1176 2812 6:
1200 2753 1234 2812 οὗ
1249 2755 1302 2828 γὰρ

743 2825 886 2900 Εὐριπίδῃ
904 2827 1036 2898 πειστέον
1054 2825 1177 2898 λέγοντι,
1196 2830 1305 2884 worauf

744 2901 789 2954 die
805 2901 891 2955 Stella
910 2917 960 2955 aus
977 2900 1042 2955 dem
1055 2899 1192 2970 Hippolyt
1210 2899 1303 2956 aitiert

743 2971 825 3040 wird)
838 2971 893 3025 den
906 2970 1054 3040 Euripides
1072 2971 1159 3026 selbot
1171 2972 1302 3041 auffeift,

743 3042 865 3097 welcher
877 3058 976 3112 wegen
990 3041 1039 3096 dea
1057 3041 1304 3112 philosophisohen

743 3113 876 3168 Gohaltes
902 3114 993 3171 seiner
1015 3113 1137 3167 Dramen
1164 3115 1218 3168 den
1243 3114 1303 3169 Bei-

742 3201 845 3239 nemen
863 3180 951 3251 σοφός
970 3185 1047 3252 (quoe
1065 3183 1150 3238 audio
1168 3186 1314 3254 sapientem

742 3255 767 3309 u.
786 3256 804 3310 ι’.
825 3255 858 3310 G.
874 3254 938 3324 Vgl.
957 3272 991 3308 zu
1010 3260 1024 3319 5
1045 3260 1060 3309 'l
1083 3254 1224 3325 Apollinis
1242 3273 1303 3312 ονο-

742 3327 813 3395 οαίο)
832 3326 959 3380 erhalten
973 3325 1061 3395 hatte,
1076 3342 1107 3381 so
1120 3328 1186 3382 thut
1199 3343 1228 3382 er
1242 3327 1303 3382 ihm

742 3395 878 3452 Unreoht:
908 3396 982 3451 deun
1010 3397 1055 3452 die
1086 3397 1188 3468 obigen
1215 3399 1302 3454 Verso

742 3468 835 3538 geben
852 3467 933 3523 nicht
951 3469 1000 3523 des
1018 3467 1114 3539 Eurip.
1128 3470 1226 3538 eigana
1244 3471 1302 3524 An·

743 3540 816 3594 sicht
834 3539 946 3608 wieder,
965 3541 1085 3595 sondern
1104 3540 1166 3595 sind
1184 3559 1237 3596 nur
1255 3542 1301 3595 ein

742 3610 865 3666 Ausflul's
879 3611 929 3666 der
943 3611 1206 3700 augenblichliohen
1217 3610 1301 3665 Stim-

742 3700 829 3752 mung
843 3682 892 3736 der
906 3701 1019 3751 τροφος.
1039 3682 1102 3752 Vgl.
1115 3680 1300 3736 andererseits

742 3754 807 3807 Eur.
819 3753 864 3808 Or.
874 3753 960 3808 804ff.
973 3747 1062 3808 Τοῦτ’
1078 3749 1180 3820 ἐκεῖνο,
1194 3748 1299 3807 ατᾶσθ’

744 3819 884 3913 ἑταίρους,
910 3821 952 3912 pr)
979 3819 1011 3879 τὸ
1036 3821 1170 3908 συγγενὲς
1198 3819 1300 3907 μόνον·

743 3914 781 3957 ως
804 3914 877 3964 ανιρρ
908 3911 984 3957 orror
1011 3910 1138 3961 τροποισι
1165 3912 1299 3967 συντακῃ,

741 3968 863 4033 θυραῖος
882 3959 921 4019 ὧν
944 3966 1051 4035 μυρίων
1069 3965 1205 4033 κρείσσων
1219 3961 1300 4035 ὃμαι·

742 4056 802 4105 μων
822 4031 905 4102 ἀνδρὶ
924 4036 1082 4104 κεκτῆσθαι
1096 4037 1183 4103 φίλος.
1199 4067 1232 4077 -
1247 4037 1301 4093 Mit

742 4107 807 4160 dem
816 4107 922 4175 partim
931 4106 1159 4175 horrespondiert
1175 4109 1301 4178 naohher

742 4181 802 4243 §46
812 4177 892 4231 Alios
906 4183 995 4232 autem
1005 4179 1102 4234 dicere.
1120 4178 1220 4234 Beides
1230 4181 1300 4250 geht

742 4249 845 4302 zurdck
869 4248 919 4302 aui
933 4250 1096 4318 ραίλνυοιλοοι
1109 4251 1255 4319 placuisse.

776 4320 878 4374 nimiae
897 4322 1047 4388 amicitias,
1070 4321 1109 4375 im
1128 4321 1300 4392 Gegenaatao

741 4409 776 4445 zu
795 4391 907 4461 μετρίας
927 4389 967 4454 είς
985 4387 1119 4461 ἀλλήλους
1138 4394 1240 4460 φιλίας.

1051 4480 1088 4535 3*
