2946 4758
557 226 660 298 xxiv,
679 228 841 296 so-xxu,
854 189 904 285 'oc
1277 231 1319 295 57

93 407 96 410 ·
147 395 265 454 animus
287 395 337 454 tiet
361 408 397 454 ex
421 393 557 474 pluribus
594 394 699 474 quiid
722 395 787 457 tisri
810 397 929 477 poterit,
952 399 978 457 si
1000 416 1038 458 ue
1061 399 1093 458 in
1116 415 1176 458 runo
1200 399 1320 477 quidem

150 498 270 586 quoque
294 499 373 543 unus
397 484 513 544 animus
555 483 595 543 rit
616 482 755 564 idemque
775 499 901 564 semper,
925 483 977 546 sed
996 487 1104 566 varius,
1128 487 1320 548 commutabi-

147 570 197 651 lis,
221 567 397 649 multiplex?
439 569 517 641 Quid
541 572 620 632 enim
643 579 833 649 potestesse
857 581 916 632 tarn
940 573 1083 656 flexibile,
1114 582 1175 635 tam
1198 574 1325 660 devium,
1335 575 1371 638 se

148 678 236 740 quarn
265 662 382 720 animus
406 661 484 741 eius,
512 660 565 738 qui
587 659 623 721 ad
647 660 769 722 alterius
792 679 851 721 non
876 661 962 722 modo
987 679 1107 724 sensum
1131 682 1164 724 ac
1188 662 1320 724 volunta·

146 757 217 829 tem,
241 749 294 808 sed
318 750 408 809 etiam
430 749 545 809 vultum
568 755 657 827 atquc
681 758 788 811 nutum
811 741 1028 811 convertitur?
1150 797 1154 808 .
1322 807 1335 840 s
1384 820 1387 825 ,

213 835 337 912 -Nep'at
358 838 439 912 quis:
462 815 547 913 nepo.
580 837 645 898 Aac:
669 837 727 899 ctio.
761 810 1227 916 Pastr'emafe'mperam'tepome't
1247 843 1324 902 mitte·
1349 829 1465 905 Uestam

235 905 538 1003 vmntassatsseutare,

147 1024 181 1076 ut
209 1017 249 1076 ait
272 1013 350 1074 idem
373 1013 546 1096 Terentius,
577 1015 629 1076 sed
653 1013 702 1075 ille
725 1015 757 1075 in
781 1014 944 1076 Gnathonis
966 1035 1108 1098 persona,
1132 1017 1211 1096 Quod
1235 1020 1322 1079 amici

147 1121 242 1182 genus
271 1101 411 1163 adhihere
440 1106 561 1165 omnino
579 1103 719 1174 ‘levitatis
743 1112 796 1176 cst.
842 1104 927 1165 Multi
951 1112 1050 1166 autem
1073 1105 1263 1168 Gnathonum
1286 1109 1324 1168 si·
1335 1120 1373 1170 94

146 1191 232 1253 miles
261 1208 329 1252 carm
359 1192 417 1252 sint
445 1190 510 1251 loco
539 1193 658 1252 fortuna
682 1192 758 1252 fama
782 1195 967 1275 superiores,
989 1193 1097 1254 horum
1121 1202 1167 1255 est
1190 1201 1320 1256 assenta-

146 1283 189 1343 tio
213 1280 353 1361 molesta,
382 1298 451 1340 cum
474 1281 510 1340 ad
533 1283 691 1341 vanitatem
715 1283 841 1342 necessit
864 1284 1033 1343 auctoritas.
1080 1281 1204 1344 Seeerui
1226 1293 1373 1347 autemst>

147 1369 274 1430 blandus
298 1370 411 1428 amicus
435 1387 451 1428 a
474 1386 545 1429 vero
569 1377 599 1429 et
622 1368 786 1430 internosci
808 1378 869 1430 tam
891 1377 991 1449 potest
1014 1316 1143 1432 ainlibim
1162 1370 1322 1452 diligentia,

148 1473 237 1538 quam
261 1458 360 1517 omnia
385 1453 490 1517 iucata'
506 1464 537 1518 et
555 1457 691 1518 simulata
710 1477 726 1518 a
746 1460 871 1519 sinceris
889 1467 977 1538 atque
993 1461 1080 1520 reris.
1113 1459 1227 1541 Contio,
1246 1479 1322 1540 quae

95 1539 97 1544 ’
146 1565 183 1608 ex
206 1546 437 1626 imperitissimis
461 1554 590 1628 constat,
613 1553 712 1606 tamen
735 1547 866 1607 iudicare
891 1547 979 1628 solet,
1007 1548 1079 1626 quid
1101 1550 1222 1609 intersit
1243 1550 1323 1610 inter

101 1685 104 1692 .
145 1634 333 1715 popularem,
356 1634 387 1693 id
411 1639 457 1695 est
480 1642 696 1696 assentatorem
719 1642 749 1696 ct
772 1635 883 1716 levem,
912 1639 1006 1696 civem
1030 1644 1060 1697 et
1083 1639 1163 1697 inter
1186 1644 1322 1698 constan·
1380 1649 1384 1654 ’

148 1734 219 1804 tem,
241 1722 272 1783 id
296 1731 342 1782 est
364 1741 468 1784 verum
492 1732 522 1784 et
545 1741 684 1802 gravem.¹
711 1722 828 1794 Quibus
851 1722 1002 1784 blanditiis
1021 1724 1051 1784 G.
1072 1724 1210 1804 Papirius
1229 1744 1326 1806 nuper
1337 1740 1373 1789 96

146 1811 289 1872 influebat
316 1814 347 1871 in
375 1813 457 1872 auris
485 1814 645 1893 contionis,
674 1830 743 1872 aum
770 1813 863 1873 terret
890 1812 986 1892 legem
1014 1813 1051 1873 de
1075 1813 1204 1874 tribunis
1227 1813 1323 1894 plebis

147 1899 329 1961 reficiendis!
369 1899 569 1980 Dissuasirnus
592 1919 661 1962 nos:
685 1900 737 1962 sed
762 1900 834 1961 nihil
857 1900 894 1961 de
918 1919 981 1983 me,
1005 1901 1041 1961 de
1065 1901 1203 1989 Scipione
1228 1903 1403 2003 dicamttpa

147 1989 298 2050 libentius.
338 1985 458 2057 Quanta*
476 1988 534 2068 illa,
559 1987 589 2050 di
611 1987 807 2050 immortales!
831 1989 888 2050 iuit
911 1992 1047 2068 gravitas,
1071 1997 1180 2068 quauta
1204 1993 1234 2050 in
1259 2010 1323 2052 ora-

148 2080 230 2138 tione
253 2075 405 2137 maiestas!
429 2085 463 2137 ut
486 2075 570 2137 facilc
594 2077 700 2138 ducem
724 2077 826 2158 populi
845 2077 979 2158 Romani,
1002 2095 1062 2138 non
1086 2080 1225 2140 comitem
1244 2079 1323 2140 dice·

149 2183 207 2226 res.
254 2164 314 2225 Sed
337 2163 472 2246 affuistis,
496 2173 526 2226 et
549 2168 643 2226 estin
669 2165 804 2227 manibus
828 2169 930 2229 oratio.
976 2165 1079 2246 ltaque
1103 2166 1150 2226 lex
1173 2167 1325 2247 popularis

184 2406 258 2446 maus
274 2421 306 2430 —-
320 2391 451 2460 idemque.
484 2389 569 2445 Jeder
587 2390 637 2444 der
654 2390 713 2445 bei.
766 2385 784 2460 ἢ
810 2387 877 2454 τοὺς
900 2389 1035 2454 τέκτονας
1054 2387 1072 2460 ἢ
1091 2386 1158 2452 τοὺς
1176 2385 1326 2461 potimini}

150 2460 205 2515 den
218 2461 381 2516 Ausdriicke
399 2461 439 2516 ist
456 2461 502 2516 fur
519 2459 581 2515 sich
595 2479 629 2515 au
642 2462 712 2516 neh·
766 2457 833 2524 τοὺς
865 2457 1006 2531 γεωργοὺς
1039 2457 1172 2532 αἰσχύνῃς
1207 2457 1240 2516 ἐκ
1272 2457 1327 2530 γὰρ

148 2547 214 2586 meu
227 2532 318 2600 (nicht
331 2557 365 2578 =
381 2532 435 2587 ein
448 2533 514 2587 und
528 2533 711 2600 desselbe):
736 2551 746 2570 ·
766 2527 875 2588 τούτων
897 2529 1034 2587 ἁπάντων
1057 2528 1075 2602 ἡ
1096 2529 1230 2602 ἐκκλησία
1249 2535 1326 2587 aaut

34 2645 37 2653 ,
150 2619 224 2658 unua
243 2604 324 2658 weist
338 2601 478 2658 Mehrheit
496 2603 544 2658 cler
557 2602 713 2658 Ansiohten
766 2621 873 2659 σταται.

150 2673 262 2740 nutricis,
280 2674 351 2728 idem
371 2675 452 2728 einen
469 2673 608 2730 Weohsel.
646 2673 711 2744 Vgl.
799 2676 967 2744 popularem.
1005 2675 1062 2728 Das
1084 2673 1168 2729 Wort
1189 2673 1261 2728 wird
1284 2673 1326 2728 oft

43 2803 45 2809 y
151 2743 711 2814 (liceatne,19Qutbusnoeprae-
765 2747 805 2800 im
819 2745 1082 2815 Parteigegensatze
1101 2761 1193 2815 gagen
1211 2744 1256 2800 die
1270 2762 1327 2800 von

150 2815 308 2884 cipiendum
325 2816 443 2882 uidetur,
464 2832 551 2870 unum
568 2817 670 2870 scilicet
688 2821 712 2870 et
765 2817 816 2872 der
843 2833 916 2871 aura
937 2817 1086 2886 popularis
1107 2816 1220 2871 unabh'ct
1260 2816 1326 2886 igen

147 2885 235 2952 idern,
253 2887 325 2954 quoa
342 2887 456 2955 reliquis
473 2887 614 2952 ommium
632 2885 711 2942 Verr.
767 2887 834 2958 (egl.
858 2886 983 2941 nechher
1003 2888 1178 2954 constantem)
1199 2885 1243 2955 Op
1258 2887 1326 2940 ime·

150 2961 181 3024 5,
212 2961 259 3024 35,
288 2961 321 3010 92
351 2956 414 3012 Una
439 2963 520 3028 atque
543 2959 634 3013 eadem
656 2974 713 3013 nou
765 2961 815 3013 ten
841 2956 1009 3029 gebraucht3
1037 2974 1068 3012 so
1096 2963 1111 3024 ὅ
1140 2962 1174 3011 96
1200 2957 1326 3012 zweimal

151 3032 219 3093 erat,
238 3043 293 3097 aua
309 3032 421 3096 praetor
439 3029 541 3083 ameris
558 3029 714 3097 turpissimi
766 3030 858 3084 neben
872 3031 923 3085 ten.
951 3029 1087 3098 Dagegen
1101 3029 1165 3098 sagt
1175 3025 1232 3082 Cio.
1243 3027 1327 3082 cecil.

151 3101 272 3168 flamma,
288 3099 383 3154 classa
394 3099 712 3170 peputtltomaruprae-
767 3107 798 3168 4,
822 3106 851 3168 5,
876 3107 904 3154 9:
933 3100 1096 3154 intellectum
1118 3103 1170 3166 est,
1193 3099 1261 3168 quid
1282 3101 1327 3154 tn-

151 3171 254 3225 donum
272 3171 401 3226 incendio
419 3171 616 3240 constupratae
767 3175 873 3226 teresset
883 3171 1098 3226 interteuttatem
1108 3170 1327 3225 contionatorum

187 3247 264 3307 §93-
292 3243 364 3297 taem
380 3241 531 3296 Terentius.
560 3241 587 3296 S.
602 3260 635 3297 au
649 3247 664 3308 5
678 3248 712 3297 89
768 3247 793 3297 et
811 3243 935 3296 animum
952 3257 1025 3295 uere
1042 3242 1218 3310 popularem,
1242 3241 1330 3296 satuti

114 3378 117 3386 .
151 3312 304 3380 familiaris
339 3329 421 3367 meus.
446 3344 479 3353 -
504 3313 558 3368 Obi
579 3329 609 3368 es
646 3313 713 3368 Tro·
763 3313 864 3383 papati
882 3313 1070 3368 consulentem.

154 3381 368 3438 ahusen-Citat
393 3383 510 3438 umtatst
576 3386 636 3439 orte
664 3384 713 3438 des
803 3399 896 3438 onum
931 3383 1009 3438 steht
1039 3382 1104 3438 dem
1136 3387 1330 3438 assentatorem
1363 3398 1368 3408 ¹

98 3507 101 3516 ,
153 3452 300 3508 Parasiten
318 3454 431 3522 (darauf
445 3455 578 3510 beaiehcn
593 3453 714 3510 siohdie
768 3453 942 3525 gegenttber,
978 3453 1033 3509 wie
1065 3454 1138 3510 oben
1169 3470 1231 3510 cero
1263 3453 1329 3508 dem

153 3522 264 3578 Worte:
284 3525 368 3578 amici
384 3540 486 3594 penus3
509 3531 557 3593 96,
576 3530 610 3580 98
625 3543 714 3595 pura·
769 3526 896 3580 blandus.

152 3596 279 3665 sitarum)
306 3595 417 3650 Gnatho
443 3595 473 3649 in
498 3597 561 3652 Ter.
587 3596 714 3651 Eunuch.
805 3601 883 3662 ξ96.
911 3596 1051 3664 influebat.
1080 3595 1177 3650 Diescr
1192 3594 1329 3649 bildliche

154 3673 184 3734 2,
212 3671 242 3734 2,
269 3673 301 3721 21
326 3665 346 3720 f.
367 3696 400 3706 -
419 3666 528 3736 Wegen
549 3681 670 3736 perenna
693 3685 713 3722 s.
769 3667 926 3736 AusdrucIr,
945 3668 995 3722 der
1013 3666 1073 3721 sich
1092 3665 1165 3720 auch
1183 3665 1218 3719 de
1237 3664 1283 3720 off.
1303 3672 1328 3719 2.

153 3755 187 3792 zu
205 3743 221 3804 ἕ
239 3743 265 3794 4.
770 3743 794 3808 9,
814 3744 848 3792 31
869 3739 912 3806 (in
929 3738 1120 3793 muuermrum
1137 3736 1244 3791 animes
1262 3741 1329 3791 tam·

152 3803 267 3874 i¹594.
299 3809 371 3874 loeo,
390 3805 567 3876 Geechlecht,
585 3807 715 3863 Abstam·
769 3825 852 3878 quam
865 3809 991 3876 inflatae)
1006 3808 1100 3876 findet,
1114 3805 1182 3860 istst
1196 3806 1329 3861 diebtan·

154 3897 249 3948 mung.
769 3881 856 3935 ditias
878 3880 920 3934 als
944 3878 1069 3949 glatte,
1096 3875 1331 3947 uugehindett

150 3975 152 3982 v
174 3955 206 4015 '5
225 3955 268 4005 95.
306 3949 418 4006 Seeernu'
436 3950 680 4034 blandusamieus
697 3967 716 4005 a
769 3949 1022 4034 sindrin'gende
1040 3949 1138 4004 Worte
1157 3947 1329 4002 ersohoinen.

155 4019 717 4161 ἰῗέἳαξοέἶὲτίξέῃὲἓξὲξῐξέἰξθῖιωθᾶαεςθέῖ
806 4019 1331 4161 αξῗνξὶῗναῗιθὲᾖίἱῃνὶτδὲαωαΙΒνννο

155 4181 197 4230 Ιτις
211 4163 365 4232 διακρίνειε
380 4159 611 4218 naunotonensi
622 4165 715 4232 φίλου.
766 4164 906 4233 priuatus,
925 4163 986 4218 also
1004 4162 1096 4217 seiner
1112 4159 1243 4230 Stellung
1255 4161 1330 4216 nach

193 4232 290 4288 Gentio
313 4235 579 4302 exinanitissimis
602 4239 716 4292 emant.
770 4251 823 4289 nur
845 4249 919 4289 unus
941 4234 974 4288 dc
996 4233 1097 4288 multis.
1114 4259 1115 4266 ν
1134 4232 1199 4302 Vgl.
1224 4238 1270 4301 11,
1294 4237 1329 4285 37

156 4303 220 4392 Vpl.
239 4303 309 4359 Xen.
328 4304 364 4359 de
382 4304 457 4360 Scor.
478 4321 577 4360 comm.
597 4310 626 4373 9,
647 4312 675 4375 ⁷,
700 4312 716 4361 6
770 4321 820 4361 nec
846 4305 1017 4359 ee'eemitem
1038 4305 1118 4360 itlius
1138 4304 1257 4373 fiunis,
1283 4302 1331 4357 sed

155 4395 278 4447 novenos
292 4371 360 4438 τούς
371 4369 596 4444 γναφεῖςῆτούς
606 4381 717 4439 σκυτεῖς
771 4378 865 4433 ducem
877 4375 1018 4446 praebuit.
1075 4401 1079 4406 ·
