<?xml version="1.0" encoding="UTF-8"?>
<!DOCTYPE html PUBLIC "-//W3C//DTD XHTML 1.0 Transitional//EN"
    "http://www.w3.org/TR/xhtml1/DTD/xhtml1-transitional.dtd">
<html xmlns="http://www.w3.org/1999/xhtml" xml:lang="en" lang="en">
 <head>
  <title>
</title>
<meta http-equiv="Content-Type" content="text/html;charset=utf-8" />
  <meta name='ocr-system' content='tesseract 3.04.00' />
  <meta name='ocr-capabilities' content='ocr_page ocr_carea ocr_par ocr_line ocrx_word'/>
</head>
<body>
  <div class='ocr_page' id='page_1' title='image "./mtulliiciceroni86cicegoog/mtulliiciceroni86cicegoog_0066.png"; bbox 0 0 2946 4758; ppageno 0'>
   <div class='ocr_carea' id='block_1_1' title="bbox 598 165 1346 273">
    <p class='ocr_par' dir='ltr' id='par_1_1' title="bbox 598 165 1346 273">
     <span class='ocr_line' id='line_1_1' title="bbox 598 165 1346 273; baseline 0.003 -17"><span class='ocrx_word' id='word_1_1' title='bbox 598 201 675 270; x_wconf 85' lang='lat' dir='ltr'><strong>xm,</strong></span> <span class='ocrx_word' id='word_1_2' title='bbox 694 201 870 273; x_wconf 76' lang='lat' dir='ltr'><strong>ato-xxm,</strong></span> <span class='ocrx_word' id='word_1_3' title='bbox 890 207 932 258; x_wconf 87' lang='lat' dir='ltr'><strong>aa.</strong></span> <span class='ocrx_word' id='word_1_4' title='bbox 1022 165 1026 172; x_wconf 44' lang='lat'>¹</span> <span class='ocrx_word' id='word_1_5' title='bbox 1303 205 1346 270; x_wconf 80' lang='lat'><strong>53</strong></span> 
     </span>
    </p>
   </div>
   <div class='ocr_carea' id='block_1_2' title="bbox 170 368 1396 2219">
    <p class='ocr_par' dir='ltr' id='par_1_2' title="bbox 170 368 1396 1865">
     <span class='ocr_line' id='line_1_2' title="bbox 170 368 1369 460; baseline 0.003 -29"><span class='ocrx_word' id='word_1_6' title='bbox 170 371 338 451; x_wconf 80' lang='lat' dir='ltr'><strong>peruenire,</strong></span> <span class='ocrx_word' id='word_1_7' title='bbox 361 370 520 430; x_wconf 89' lang='lat' dir='ltr'><strong>coniuncta</strong></span> <span class='ocrx_word' id='word_1_8' title='bbox 544 377 574 428; x_wconf 89' lang='lat' dir='ltr'><strong>et</strong></span> <span class='ocrx_word' id='word_1_9' title='bbox 597 371 766 430; x_wconf 84' lang='lat' dir='ltr'><strong>consociata</strong></span> <span class='ocrx_word' id='word_1_10' title='bbox 789 385 857 430; x_wconf 88' lang='lat' dir='ltr'><strong>cum</strong></span> <span class='ocrx_word' id='word_1_11' title='bbox 881 368 973 430; x_wconf 90' lang='lat' dir='ltr'><strong>altera</strong></span> <span class='ocrx_word' id='word_1_12' title='bbox 994 371 1198 460; x_wconf 69' lang='lat' dir='ltr'><strong>perveniretq(</strong></span> <span class='ocrx_word' id='word_1_13' title='bbox 1215 371 1298 443; x_wconf 83' lang='lat' dir='ltr'><strong>Quae</strong></span> <span class='ocrx_word' id='word_1_14' title='bbox 1321 373 1369 452; x_wconf 73' lang='lat' dir='ltr'><strong>sil</strong></span> 
     </span>
     <span class='ocr_line' id='line_1_3' title="bbox 172 458 1346 539; baseline 0.003 -20"><span class='ocrx_word' id='word_1_15' title='bbox 172 477 248 538; x_wconf 88' lang='lat' dir='ltr'><strong>quos</strong></span> <span class='ocrx_word' id='word_1_16' title='bbox 265 459 346 518; x_wconf 92' lang='lat' dir='ltr'><strong>inter</strong></span> <span class='ocrx_word' id='word_1_17' title='bbox 364 460 492 518; x_wconf 87' lang='lat' dir='ltr'><strong>societas</strong></span> <span class='ocrx_word' id='word_1_18' title='bbox 511 466 561 517; x_wconf 91' lang='lat' dir='ltr'><strong>aut</strong></span> <span class='ocrx_word' id='word_1_19' title='bbox 580 464 627 518; x_wconf 91' lang='lat' dir='ltr'><strong>est</strong></span> <span class='ocrx_word' id='word_1_20' title='bbox 646 464 697 517; x_wconf 91' lang='lat' dir='ltr'><strong>aut</strong></span> <span class='ocrx_word' id='word_1_21' title='bbox 716 458 772 519; x_wconf 86' lang='lat' dir='ltr'><strong>luit</strong></span> <span class='ocrx_word' id='word_1_22' title='bbox 790 464 841 517; x_wconf 91' lang='lat' dir='ltr'><strong>aut</strong></span> <span class='ocrx_word' id='word_1_23' title='bbox 860 458 960 518; x_wconf 86' lang='lat' dir='ltr'><strong>brtura</strong></span> <span class='ocrx_word' id='word_1_24' title='bbox 980 467 1035 539; x_wconf 89' lang='lat' dir='ltr'><strong>est,</strong></span> <span class='ocrx_word' id='word_1_25' title='bbox 1053 475 1157 520; x_wconf 92' lang='lat' dir='ltr'><strong>eorum</strong></span> <span class='ocrx_word' id='word_1_26' title='bbox 1177 460 1223 521; x_wconf 85' lang='lat' dir='ltr'><strong>est</strong></span> <span class='ocrx_word' id='word_1_27' title='bbox 1236 459 1346 524; x_wconf 90' lang='lat' dir='ltr'><strong>haben·</strong></span> 
     </span>
     <span class='ocr_line' id='line_1_4' title="bbox 172 545 1345 626; baseline 0.001 -16"><span class='ocrx_word' id='word_1_28' title='bbox 172 549 229 610; x_wconf 90' lang='lat' dir='ltr'><strong>dus</strong></span> <span class='ocrx_word' id='word_1_29' title='bbox 252 546 288 606; x_wconf 90' lang='lat' dir='ltr'><strong>ad</strong></span> <span class='ocrx_word' id='word_1_30' title='bbox 313 563 462 608; x_wconf 86' lang='lat' dir='ltr'><strong>summum</strong></span> <span class='ocrx_word' id='word_1_31' title='bbox 485 553 608 606; x_wconf 83' lang='lat' dir='ltr'><strong>naturae</strong></span> <span class='ocrx_word' id='word_1_32' title='bbox 632 545 744 606; x_wconf 88' lang='lat' dir='ltr'><strong>honum</strong></span> <span class='ocrx_word' id='word_1_33' title='bbox 762 548 893 624; x_wconf 91' lang='lat' dir='ltr'><strong>optimus</strong></span> <span class='ocrx_word' id='word_1_34' title='bbox 912 545 1161 626; x_wconf 83' lang='lat' dir='ltr'><strong>beatissimusque</strong></span> <span class='ocrx_word' id='word_1_35' title='bbox 1180 552 1345 611; x_wconf 76' lang='lat' dir='ltr'><strong>comitatus.</strong></span> 
     </span>
     <span class='ocr_line' id='line_1_5' title="bbox 171 635 1396 718; baseline 0.004 -21"><span class='ocrx_word' id='word_1_36' title='bbox 171 635 252 697; x_wconf 88' lang='lat' dir='ltr'><strong>ilaec</strong></span> <span class='ocrx_word' id='word_1_37' title='bbox 276 643 336 718; x_wconf 89' lang='lat' dir='ltr'><strong>est,</strong></span> <span class='ocrx_word' id='word_1_38' title='bbox 358 637 497 714; x_wconf 86' lang='lat' dir='ltr'><strong>inquam,</strong></span> <span class='ocrx_word' id='word_1_39' title='bbox 521 636 657 714; x_wconf 85' lang='lat' dir='ltr'><strong>societas,</strong></span> <span class='ocrx_word' id='word_1_40' title='bbox 679 636 711 694; x_wconf 92' lang='lat' dir='ltr'><strong>in</strong></span> <span class='ocrx_word' id='word_1_41' title='bbox 736 651 793 712; x_wconf 88' lang='lat' dir='ltr'><strong>qua</strong></span> <span class='ocrx_word' id='word_1_42' title='bbox 817 636 915 695; x_wconf 91' lang='lat' dir='ltr'><strong>omnia</strong></span> <span class='ocrx_word' id='word_1_43' title='bbox 938 637 1050 715; x_wconf 91' lang='lat' dir='ltr'><strong>insunt,</strong></span> <span class='ocrx_word' id='word_1_44' title='bbox 1073 653 1148 714; x_wconf 89' lang='lat' dir='ltr'><strong>quae</strong></span> <span class='ocrx_word' id='word_1_45' title='bbox 1171 635 1277 716; x_wconf 70' lang='lat' dir='ltr'><strong>pectant</strong></span> <span class='ocrx_word' id='word_1_46' title='bbox 1298 639 1396 704; x_wconf 74' lang='lat' dir='ltr'><strong>hoec</strong></span> 
     </span>
     <span class='ocr_line' id='line_1_6' title="bbox 172 722 1346 804; baseline 0.003 -19"><span class='ocrx_word' id='word_1_47' title='bbox 172 726 267 785; x_wconf 91' lang='lat' dir='ltr'><strong>mines</strong></span> <span class='ocrx_word' id='word_1_48' title='bbox 295 722 473 803; x_wconf 83' lang='lat' dir='ltr'><strong>expetenda,</strong></span> <span class='ocrx_word' id='word_1_49' title='bbox 500 722 641 782; x_wconf 91' lang='lat' dir='ltr'><strong>honestas</strong></span> <span class='ocrx_word' id='word_1_50' title='bbox 668 722 760 801; x_wconf 89' lang='lat' dir='ltr'><strong>gloria</strong></span> <span class='ocrx_word' id='word_1_51' title='bbox 788 722 987 802; x_wconf 85' lang='lat' dir='ltr'><strong>tranquillitas</strong></span> <span class='ocrx_word' id='word_1_52' title='bbox 1016 726 1107 784; x_wconf 92' lang='lat' dir='ltr'><strong>animi</strong></span> <span class='ocrx_word' id='word_1_53' title='bbox 1129 733 1218 804; x_wconf 92' lang='lat' dir='ltr'><strong>atque</strong></span> <span class='ocrx_word' id='word_1_54' title='bbox 1241 730 1346 788; x_wconf 76' lang='lat' dir='ltr'><strong>iracun-</strong></span> 
     </span>
     <span class='ocr_line' id='line_1_7' title="bbox 172 809 1346 896; baseline 0.002 -21"><span class='ocrx_word' id='word_1_55' title='bbox 172 814 258 895; x_wconf 83' lang='lat' dir='ltr'><strong>ditas,</strong></span> <span class='ocrx_word' id='word_1_56' title='bbox 276 819 311 874; x_wconf 90' lang='lat' dir='ltr'><strong>ut</strong></span> <span class='ocrx_word' id='word_1_57' title='bbox 330 820 368 892; x_wconf 90' lang='lat' dir='ltr'><strong>et,</strong></span> <span class='ocrx_word' id='word_1_58' title='bbox 387 830 456 873; x_wconf 91' lang='lat' dir='ltr'><strong>oum</strong></span> <span class='ocrx_word' id='word_1_59' title='bbox 473 811 547 872; x_wconf 89' lang='lat' dir='ltr'><strong>haec</strong></span> <span class='ocrx_word' id='word_1_60' title='bbox 566 813 668 892; x_wconf 84' lang='lat' dir='ltr'><strong>assint,</strong></span> <span class='ocrx_word' id='word_1_61' title='bbox 686 809 771 872; x_wconf 90' lang='lat' dir='ltr'><strong>beata</strong></span> <span class='ocrx_word' id='word_1_62' title='bbox 790 813 849 872; x_wconf 89' lang='lat' dir='ltr'><strong>vita</strong></span> <span class='ocrx_word' id='word_1_63' title='bbox 868 814 915 891; x_wconf 92' lang='lat' dir='ltr'><strong>sit,</strong></span> <span class='ocrx_word' id='word_1_64' title='bbox 934 818 965 872; x_wconf 92' lang='lat' dir='ltr'><strong>et</strong></span> <span class='ocrx_word' id='word_1_65' title='bbox 984 813 1048 872; x_wconf 92' lang='lat' dir='ltr'><strong>sine</strong></span> <span class='ocrx_word' id='word_1_66' title='bbox 1062 811 1109 872; x_wconf 94' lang='lat' dir='ltr'><strong>his</strong></span> <span class='ocrx_word' id='word_1_67' title='bbox 1123 831 1189 874; x_wconf 90' lang='lat' dir='ltr'><strong>esse</strong></span> <span class='ocrx_word' id='word_1_68' title='bbox 1204 832 1264 876; x_wconf 93' lang='lat' dir='ltr'><strong>non</strong></span> <span class='ocrx_word' id='word_1_69' title='bbox 1278 835 1346 896; x_wconf 92' lang='lat' dir='ltr'><strong>pos·</strong></span> 
     </span>
     <span class='ocr_line' id='line_1_8' title="bbox 173 899 1347 986; baseline 0.001 -22"><span class='ocrx_word' id='word_1_70' title='bbox 173 905 220 964; x_wconf 87' lang='lat' dir='ltr'><strong>sit.</strong></span> <span class='ocrx_word' id='word_1_71' title='bbox 241 918 245 924; x_wconf 62' lang='lat'><strong>¹</strong></span> <span class='ocrx_word' id='word_1_72' title='bbox 267 900 353 972; x_wconf 86' lang='lat' dir='ltr'><strong>Quod</strong></span> <span class='ocrx_word' id='word_1_73' title='bbox 376 918 445 961; x_wconf 93' lang='lat' dir='ltr'><strong>oum</strong></span> <span class='ocrx_word' id='word_1_74' title='bbox 468 902 615 979; x_wconf 91' lang='lat' dir='ltr'><strong>optimum</strong></span> <span class='ocrx_word' id='word_1_75' title='bbox 639 902 858 978; x_wconf 85' lang='lat' dir='ltr'><strong>maximumque</strong></span> <span class='ocrx_word' id='word_1_76' title='bbox 882 903 931 981; x_wconf 92' lang='lat' dir='ltr'><strong>sit,</strong></span> <span class='ocrx_word' id='word_1_77' title='bbox 953 902 979 960; x_wconf 89' lang='lat' dir='ltr'><strong>si</strong></span> <span class='ocrx_word' id='word_1_78' title='bbox 1001 899 1032 960; x_wconf 94' lang='lat' dir='ltr'><strong>id</strong></span> <span class='ocrx_word' id='word_1_79' title='bbox 1055 900 1191 962; x_wconf 87' lang='lat' dir='ltr'><strong>volumus</strong></span> <span class='ocrx_word' id='word_1_80' title='bbox 1214 903 1347 986; x_wconf 80' lang='lat' dir='ltr'><strong>adipisci,</strong></span> 
     </span>
     <span class='ocr_line' id='line_1_9' title="bbox 174 989 1346 1069; baseline 0.003 -20"><span class='ocrx_word' id='word_1_81' title='bbox 174 993 278 1052; x_wconf 87' lang='lat' dir='ltr'><strong>virtuti</strong></span> <span class='ocrx_word' id='word_1_82' title='bbox 301 1007 391 1069; x_wconf 89' lang='lat' dir='ltr'><strong>opera</strong></span> <span class='ocrx_word' id='word_1_83' title='bbox 415 989 509 1050; x_wconf 91' lang='lat' dir='ltr'><strong>danda</strong></span> <span class='ocrx_word' id='word_1_84' title='bbox 533 995 594 1069; x_wconf 90' lang='lat' dir='ltr'><strong>est,</strong></span> <span class='ocrx_word' id='word_1_85' title='bbox 618 990 682 1048; x_wconf 91' lang='lat' dir='ltr'><strong>sine</strong></span> <span class='ocrx_word' id='word_1_86' title='bbox 706 1005 764 1068; x_wconf 91' lang='lat' dir='ltr'><strong>qua</strong></span> <span class='ocrx_word' id='word_1_87' title='bbox 786 1006 842 1049; x_wconf 92' lang='lat' dir='ltr'><strong>neo</strong></span> <span class='ocrx_word' id='word_1_88' title='bbox 866 990 1030 1060; x_wconf 68' lang='lat' dir='ltr'><strong>amicitiant</strong></span> <span class='ocrx_word' id='word_1_89' title='bbox 1047 1007 1145 1068; x_wconf 90' lang='lat' dir='ltr'><strong>neque</strong></span> <span class='ocrx_word' id='word_1_90' title='bbox 1168 990 1258 1052; x_wconf 88' lang='lat' dir='ltr'><strong>ullam</strong></span> <span class='ocrx_word' id='word_1_91' title='bbox 1281 1010 1346 1053; x_wconf 92' lang='lat' dir='ltr'><strong>rem</strong></span> 
     </span>
     <span class='ocr_line' id='line_1_10' title="bbox 173 1077 1345 1158; baseline 0 -18"><span class='ocrx_word' id='word_1_92' title='bbox 173 1077 368 1158; x_wconf 83' lang='lat' dir='ltr'><strong>expetendam</strong></span> <span class='ocrx_word' id='word_1_93' title='bbox 396 1079 539 1156; x_wconf 85' lang='lat' dir='ltr'><strong>consequi</strong></span> <span class='ocrx_word' id='word_1_94' title='bbox 567 1094 740 1156; x_wconf 88' lang='lat' dir='ltr'><strong>possumus:</strong></span> <span class='ocrx_word' id='word_1_95' title='bbox 772 1095 807 1137; x_wconf 91' lang='lat' dir='ltr'><strong>ea</strong></span> <span class='ocrx_word' id='word_1_96' title='bbox 834 1095 905 1137; x_wconf 87' lang='lat' dir='ltr'><strong>vero</strong></span> <span class='ocrx_word' id='word_1_97' title='bbox 933 1077 1067 1156; x_wconf 87' lang='lat' dir='ltr'><strong>neglecta</strong></span> <span class='ocrx_word' id='word_1_98' title='bbox 1095 1081 1146 1157; x_wconf 94' lang='lat' dir='ltr'><strong>qui</strong></span> <span class='ocrx_word' id='word_1_99' title='bbox 1173 1098 1206 1140; x_wconf 91' lang='lat' dir='ltr'><strong>se</strong></span> <span class='ocrx_word' id='word_1_100' title='bbox 1224 1083 1345 1142; x_wconf 85' lang='lat' dir='ltr'><strong>&#39;amicos</strong></span> 
     </span>
     <span class='ocr_line' id='line_1_11' title="bbox 173 1164 1347 1248; baseline 0.002 -20"><span class='ocrx_word' id='word_1_101' title='bbox 173 1167 283 1228; x_wconf 87' lang='lat' dir='ltr'><strong>habere</strong></span> <span class='ocrx_word' id='word_1_102' title='bbox 306 1165 500 1246; x_wconf 83' lang='lat' dir='ltr'><strong>arbitrantur,</strong></span> <span class='ocrx_word' id='word_1_103' title='bbox 523 1173 588 1225; x_wconf 92' lang='lat' dir='ltr'><strong>tum</strong></span> <span class='ocrx_word' id='word_1_104' title='bbox 612 1183 643 1225; x_wconf 92' lang='lat' dir='ltr'><strong>se</strong></span> <span class='ocrx_word' id='word_1_105' title='bbox 667 1164 796 1244; x_wconf 85' lang='lat' dir='ltr'><strong>denique</strong></span> <span class='ocrx_word' id='word_1_106' title='bbox 820 1183 936 1226; x_wconf 85' lang='lat' dir='ltr'><strong>errasse</strong></span> <span class='ocrx_word' id='word_1_107' title='bbox 960 1168 1102 1247; x_wconf 87' lang='lat' dir='ltr'><strong>sentiunt,</strong></span> <span class='ocrx_word' id='word_1_108' title='bbox 1126 1185 1194 1229; x_wconf 90' lang='lat' dir='ltr'><strong>cum</strong></span> <span class='ocrx_word' id='word_1_109' title='bbox 1213 1186 1264 1230; x_wconf 90' lang='lat' dir='ltr'><strong>eos</strong></span> <span class='ocrx_word' id='word_1_110' title='bbox 1283 1187 1347 1248; x_wconf 87' lang='lat' dir='ltr'><strong>gra-</strong></span> 
     </span>
     <span class='ocr_line' id='line_1_12' title="bbox 172 1254 1394 1334; baseline 0.002 -16"><span class='ocrx_word' id='word_1_111' title='bbox 172 1259 218 1318; x_wconf 83' lang='lat' dir='ltr'><strong>vis</strong></span> <span class='ocrx_word' id='word_1_112' title='bbox 245 1255 352 1334; x_wconf 87' lang='lat' dir='ltr'><strong>aliquis</strong></span> <span class='ocrx_word' id='word_1_113' title='bbox 382 1272 470 1316; x_wconf 88' lang='lat' dir='ltr'><strong>casus</strong></span> <span class='ocrx_word' id='word_1_114' title='bbox 494 1255 625 1333; x_wconf 83' lang='lat' dir='ltr'><strong>experiri</strong></span> <span class='ocrx_word' id='word_1_115' title='bbox 648 1257 735 1332; x_wconf 84' lang='lat' dir='ltr'><strong>cogit.</strong></span> <span class='ocrx_word' id='word_1_116' title='bbox 782 1254 928 1325; x_wconf 86' lang='lat' dir='ltr'><strong>Quocirca</strong></span> <span class='ocrx_word' id='word_1_117' title='bbox 954 1285 992 1297; x_wconf 92' lang='lat'>—</span> <span class='ocrx_word' id='word_1_118' title='bbox 1019 1254 1177 1316; x_wconf 88' lang='lat' dir='ltr'><strong>dicendum</strong></span> <span class='ocrx_word' id='word_1_119' title='bbox 1201 1268 1247 1318; x_wconf 89' lang='lat' dir='ltr'><strong>est</strong></span> <span class='ocrx_word' id='word_1_120' title='bbox 1271 1260 1394 1322; x_wconf 74' lang='lat' dir='ltr'><strong>enimet</strong></span> 
     </span>
     <span class='ocr_line' id='line_1_13' title="bbox 173 1342 1348 1424; baseline 0.001 -18"><span class='ocrx_word' id='word_1_121' title='bbox 173 1346 292 1424; x_wconf 86' lang='lat' dir='ltr'><strong>saepius</strong></span> <span class='ocrx_word' id='word_1_122' title='bbox 316 1375 372 1424; x_wconf 87' lang='lat'><strong>-,</strong></span> <span class='ocrx_word' id='word_1_123' title='bbox 403 1360 471 1404; x_wconf 87' lang='lat' dir='ltr'><strong>cum</strong></span> <span class='ocrx_word' id='word_1_124' title='bbox 499 1342 653 1422; x_wconf 87' lang='lat' dir='ltr'><strong>iudicaris,</strong></span> <span class='ocrx_word' id='word_1_125' title='bbox 685 1342 807 1420; x_wconf 90' lang='lat' dir='ltr'><strong>diligere</strong></span> <span class='ocrx_word' id='word_1_126' title='bbox 837 1349 968 1424; x_wconf 80' lang='lat' dir='ltr'><strong>oportet3</strong></span> <span class='ocrx_word' id='word_1_127' title='bbox 1001 1359 1075 1424; x_wconf 94' lang='lat' dir='ltr'><strong>non,</strong></span> <span class='ocrx_word' id='word_1_128' title='bbox 1103 1361 1171 1405; x_wconf 89' lang='lat' dir='ltr'><strong>cum</strong></span> <span class='ocrx_word' id='word_1_129' title='bbox 1199 1345 1348 1421; x_wconf 84' lang='lat' dir='ltr'><strong>dilexeris,</strong></span> 
     </span>
     <span class='ocr_line' id='line_1_14' title="bbox 172 1430 1348 1513; baseline 0 -19"><span class='ocrx_word' id='word_1_130' title='bbox 172 1433 315 1496; x_wconf 88' lang='lat' dir='ltr'><strong>indicare.</strong></span> <span class='ocrx_word' id='word_1_131' title='bbox 353 1431 413 1492; x_wconf 90' lang='lat' dir='ltr'><strong>Sed</strong></span> <span class='ocrx_word' id='word_1_132' title='bbox 437 1449 506 1492; x_wconf 89' lang='lat' dir='ltr'><strong>cum</strong></span> <span class='ocrx_word' id='word_1_133' title='bbox 530 1430 631 1492; x_wconf 83' lang='lat' dir='ltr'><strong>mrrltis</strong></span> <span class='ocrx_word' id='word_1_134' title='bbox 650 1433 682 1491; x_wconf 93' lang='lat' dir='ltr'><strong>in</strong></span> <span class='ocrx_word' id='word_1_135' title='bbox 701 1430 792 1492; x_wconf 92' lang='lat' dir='ltr'><strong>rebus</strong></span> <span class='ocrx_word' id='word_1_136' title='bbox 811 1431 997 1510; x_wconf 85' lang='lat' dir='ltr'><strong>neglegentia</strong></span> <span class='ocrx_word' id='word_1_137' title='bbox 1014 1431 1183 1513; x_wconf 88' lang='lat' dir='ltr'><strong>plectimur,</strong></span> <span class='ocrx_word' id='word_1_138' title='bbox 1207 1443 1270 1496; x_wconf 91' lang='lat' dir='ltr'><strong>tum</strong></span> <span class='ocrx_word' id='word_1_139' title='bbox 1289 1452 1348 1494; x_wconf 89' lang='lat' dir='ltr'><strong>ma·</strong></span> 
     </span>
     <span class='ocr_line' id='line_1_15' title="bbox 171 1518 1347 1601; baseline 0 -19"><span class='ocrx_word' id='word_1_140' title='bbox 171 1524 252 1582; x_wconf 77' lang='lat' dir='ltr'><strong>rium</strong></span> <span class='ocrx_word' id='word_1_141' title='bbox 275 1523 306 1581; x_wconf 94' lang='lat' dir='ltr'><strong>in</strong></span> <span class='ocrx_word' id='word_1_142' title='bbox 330 1521 432 1580; x_wconf 85' lang='lat' dir='ltr'><strong>amicis</strong></span> <span class='ocrx_word' id='word_1_143' title='bbox 455 1527 486 1579; x_wconf 93' lang='lat' dir='ltr'><strong>et</strong></span> <span class='ocrx_word' id='word_1_144' title='bbox 509 1518 673 1599; x_wconf 84' lang='lat' dir='ltr'><strong>deligendis</strong></span> <span class='ocrx_word' id='word_1_145' title='bbox 697 1527 727 1580; x_wconf 87' lang='lat' dir='ltr'><strong>et</strong></span> <span class='ocrx_word' id='word_1_146' title='bbox 748 1519 894 1601; x_wconf 81' lang='lat' dir='ltr'><strong>colendis3</strong></span> <span class='ocrx_word' id='word_1_147' title='bbox 916 1522 1118 1600; x_wconf 88' lang='lat' dir='ltr'><strong>praeposteris</strong></span> <span class='ocrx_word' id='word_1_148' title='bbox 1137 1524 1216 1582; x_wconf 91' lang='lat' dir='ltr'><strong>enim</strong></span> <span class='ocrx_word' id='word_1_149' title='bbox 1235 1525 1347 1584; x_wconf 80' lang='lat' dir='ltr'><strong>utinmr</strong></span> 
     </span>
     <span class='ocr_line' id='line_1_16' title="bbox 174 1601 1347 1689; baseline 0 -18"><span class='ocrx_word' id='word_1_150' title='bbox 174 1608 305 1672; x_wconf 87' lang='lat' dir='ltr'><strong>consiliis</strong></span> <span class='ocrx_word' id='word_1_151' title='bbox 328 1617 359 1670; x_wconf 91' lang='lat' dir='ltr'><strong>et</strong></span> <span class='ocrx_word' id='word_1_152' title='bbox 377 1615 442 1669; x_wconf 85' lang='lat' dir='ltr'><strong>acta</strong></span> <span class='ocrx_word' id='word_1_153' title='bbox 465 1610 589 1689; x_wconf 88' lang='lat' dir='ltr'><strong>agimus,</strong></span> <span class='ocrx_word' id='word_1_154' title='bbox 612 1608 692 1687; x_wconf 95' lang='lat' dir='ltr'><strong>quod</strong></span> <span class='ocrx_word' id='word_1_155' title='bbox 716 1601 851 1669; x_wconf 86' lang='lat' dir='ltr'><strong>vetamur</strong></span> <span class='ocrx_word' id='word_1_156' title='bbox 874 1613 974 1670; x_wconf 87' lang='lat' dir='ltr'><strong>vetere</strong></span> <span class='ocrx_word' id='word_1_157' title='bbox 992 1609 1159 1688; x_wconf 86' lang='lat' dir='ltr'><strong>proverbio.</strong></span> <span class='ocrx_word' id='word_1_158' title='bbox 1201 1609 1275 1672; x_wconf 90' lang='lat' dir='ltr'><strong>Nam</strong></span> <span class='ocrx_word' id='word_1_159' title='bbox 1293 1613 1347 1671; x_wconf 90' lang='lat' dir='ltr'><strong>im-</strong></span> 
     </span>
     <span class='ocr_line' id='line_1_17' title="bbox 174 1696 1347 1780; baseline 0.001 -21"><span class='ocrx_word' id='word_1_160' title='bbox 174 1698 275 1780; x_wconf 89' lang='lat' dir='ltr'><strong>plicati</strong></span> <span class='ocrx_word' id='word_1_161' title='bbox 298 1697 377 1758; x_wconf 90' lang='lat' dir='ltr'><strong>ultro</strong></span> <span class='ocrx_word' id='word_1_162' title='bbox 401 1704 432 1758; x_wconf 91' lang='lat' dir='ltr'><strong>et</strong></span> <span class='ocrx_word' id='word_1_163' title='bbox 454 1699 529 1758; x_wconf 88' lang='lat' dir='ltr'><strong>citro</strong></span> <span class='ocrx_word' id='word_1_164' title='bbox 553 1696 599 1757; x_wconf 87' lang='lat' dir='ltr'><strong>vel</strong></span> <span class='ocrx_word' id='word_1_165' title='bbox 624 1713 682 1757; x_wconf 91' lang='lat' dir='ltr'><strong>usu</strong></span> <span class='ocrx_word' id='word_1_166' title='bbox 702 1696 844 1758; x_wconf 91' lang='lat' dir='ltr'><strong>diuturno</strong></span> <span class='ocrx_word' id='word_1_167' title='bbox 862 1696 908 1757; x_wconf 83' lang='lat' dir='ltr'><strong>vel</strong></span> <span class='ocrx_word' id='word_1_168' title='bbox 927 1699 1016 1758; x_wconf 90' lang='lat' dir='ltr'><strong>etiam</strong></span> <span class='ocrx_word' id='word_1_169' title='bbox 1035 1697 1150 1779; x_wconf 83' lang='lat' dir='ltr'><strong>ciliciis,</strong></span> <span class='ocrx_word' id='word_1_170' title='bbox 1173 1708 1296 1778; x_wconf 91' lang='lat' dir='ltr'><strong>repente</strong></span> <span class='ocrx_word' id='word_1_171' title='bbox 1316 1703 1347 1760; x_wconf 96' lang='lat' dir='ltr'><strong>in</strong></span> 
     </span>
     <span class='ocr_line' id='line_1_18' title="bbox 172 1780 1218 1865; baseline 0.001 -18"><span class='ocrx_word' id='word_1_172' title='bbox 172 1780 271 1849; x_wconf 87' lang='lat' dir='ltr'><strong>medio</strong></span> <span class='ocrx_word' id='word_1_173' title='bbox 295 1803 386 1847; x_wconf 88' lang='lat' dir='ltr'><strong>cursu</strong></span> <span class='ocrx_word' id='word_1_174' title='bbox 410 1787 554 1846; x_wconf 87' lang='lat' dir='ltr'><strong>amicitias</strong></span> <span class='ocrx_word' id='word_1_175' title='bbox 578 1794 681 1846; x_wconf 82' lang='lat' dir='ltr'><strong>exorta</strong></span> <span class='ocrx_word' id='word_1_176' title='bbox 704 1784 800 1864; x_wconf 92' lang='lat' dir='ltr'><strong>aliqua</strong></span> <span class='ocrx_word' id='word_1_177' title='bbox 825 1787 987 1846; x_wconf 82' lang='lat' dir='ltr'><strong>offensione</strong></span> <span class='ocrx_word' id='word_1_178' title='bbox 1011 1785 1218 1865; x_wconf 89' lang='lat' dir='ltr'><strong>dirumpimus.</strong></span> 
     </span>
    </p>

    <p class='ocr_par' dir='ltr' id='par_1_3' title="bbox 172 1873 1394 2219">
     <span class='ocr_line' id='line_1_19' title="bbox 262 1873 1394 1954; baseline 0 -20"><span class='ocrx_word' id='word_1_179' title='bbox 262 1873 365 1935; x_wconf 85' lang='lat' dir='ltr'><strong>Xlllll.</strong></span> <span class='ocrx_word' id='word_1_180' title='bbox 391 1873 456 1945; x_wconf 87' lang='lat' dir='ltr'><strong>Quo</strong></span> <span class='ocrx_word' id='word_1_181' title='bbox 481 1876 571 1934; x_wconf 90' lang='lat' dir='ltr'><strong>etiam</strong></span> <span class='ocrx_word' id='word_1_182' title='bbox 593 1875 687 1953; x_wconf 87' lang='lat' dir='ltr'><strong>magis</strong></span> <span class='ocrx_word' id='word_1_183' title='bbox 710 1875 904 1954; x_wconf 86' lang='lat' dir='ltr'><strong>vituperanda</strong></span> <span class='ocrx_word' id='word_1_184' title='bbox 928 1881 973 1934; x_wconf 90' lang='lat' dir='ltr'><strong>est</strong></span> <span class='ocrx_word' id='word_1_185' title='bbox 996 1876 1041 1934; x_wconf 88' lang='lat' dir='ltr'><strong>rei</strong></span> <span class='ocrx_word' id='word_1_186' title='bbox 1064 1877 1190 1936; x_wconf 83' lang='lat' dir='ltr'><strong>manime</strong></span> <span class='ocrx_word' id='word_1_187' title='bbox 1213 1885 1394 1938; x_wconf 78' lang='lat' dir='ltr'><strong>necessa-to</strong></span> 
     </span>
     <span class='ocr_line' id='line_1_20' title="bbox 172 1961 1348 2046; baseline 0.002 -22"><span class='ocrx_word' id='word_1_188' title='bbox 172 1967 234 2024; x_wconf 90' lang='lat' dir='ltr'><strong>riae</strong></span> <span class='ocrx_word' id='word_1_189' title='bbox 262 1972 345 2025; x_wconf 84' lang='lat' dir='ltr'><strong>tanta</strong></span> <span class='ocrx_word' id='word_1_190' title='bbox 374 1965 499 2023; x_wconf 89' lang='lat' dir='ltr'><strong>incuria.</strong></span> <span class='ocrx_word' id='word_1_191' title='bbox 544 1961 607 2023; x_wconf 90' lang='lat' dir='ltr'><strong>Una</strong></span> <span class='ocrx_word' id='word_1_192' title='bbox 636 1971 680 2023; x_wconf 91' lang='lat' dir='ltr'><strong>est</strong></span> <span class='ocrx_word' id='word_1_193' title='bbox 710 1965 789 2023; x_wconf 92' lang='lat' dir='ltr'><strong>enim</strong></span> <span class='ocrx_word' id='word_1_194' title='bbox 818 1964 946 2024; x_wconf 91' lang='lat' dir='ltr'><strong>amicitia</strong></span> <span class='ocrx_word' id='word_1_195' title='bbox 968 1965 1000 2022; x_wconf 93' lang='lat' dir='ltr'><strong>in</strong></span> <span class='ocrx_word' id='word_1_196' title='bbox 1023 1961 1114 2023; x_wconf 89' lang='lat' dir='ltr'><strong>rebus</strong></span> <span class='ocrx_word' id='word_1_197' title='bbox 1137 1963 1288 2046; x_wconf 90' lang='lat' dir='ltr'><strong>humanis,</strong></span> <span class='ocrx_word' id='word_1_198' title='bbox 1311 1965 1348 2026; x_wconf 90' lang='lat' dir='ltr'><strong>de</strong></span> 
     </span>
     <span class='ocr_line' id='line_1_21' title="bbox 174 2050 1348 2129; baseline 0.002 -17"><span class='ocrx_word' id='word_1_199' title='bbox 174 2053 260 2112; x_wconf 89' lang='lat' dir='ltr'><strong>euius</strong></span> <span class='ocrx_word' id='word_1_200' title='bbox 284 2051 411 2112; x_wconf 90' lang='lat' dir='ltr'><strong>utilitate</strong></span> <span class='ocrx_word' id='word_1_201' title='bbox 430 2069 534 2111; x_wconf 89' lang='lat' dir='ltr'><strong>omnes</strong></span> <span class='ocrx_word' id='word_1_202' title='bbox 553 2069 612 2111; x_wconf 93' lang='lat' dir='ltr'><strong>uno</strong></span> <span class='ocrx_word' id='word_1_203' title='bbox 632 2069 683 2110; x_wconf 90' lang='lat' dir='ltr'><strong>ore</strong></span> <span class='ocrx_word' id='word_1_204' title='bbox 703 2054 903 2112; x_wconf 79' lang='lat' dir='ltr'><strong>consentiunt.</strong></span> <span class='ocrx_word' id='word_1_205' title='bbox 942 2050 1116 2129; x_wconf 86' lang='lat' dir='ltr'><strong>Quanquam</strong></span> <span class='ocrx_word' id='word_1_206' title='bbox 1135 2071 1152 2113; x_wconf 92' lang='lat' dir='ltr'><strong>a</strong></span> <span class='ocrx_word' id='word_1_207' title='bbox 1172 2053 1272 2114; x_wconf 88' lang='lat' dir='ltr'><strong>multis</strong></span> <span class='ocrx_word' id='word_1_208' title='bbox 1291 2056 1348 2114; x_wconf 91' lang='lat' dir='ltr'><strong>vir·</strong></span> 
     </span>
     <span class='ocr_line' id='line_1_22' title="bbox 173 2140 1349 2219; baseline 0 -17"><span class='ocrx_word' id='word_1_209' title='bbox 173 2149 223 2202; x_wconf 91' lang='lat' dir='ltr'><strong>tus</strong></span> <span class='ocrx_word' id='word_1_210' title='bbox 252 2141 316 2219; x_wconf 88' lang='lat' dir='ltr'><strong>ipsa</strong></span> <span class='ocrx_word' id='word_1_211' title='bbox 345 2140 547 2206; x_wconf 86' lang='lat' dir='ltr'><strong>contemnitur</strong></span> <span class='ocrx_word' id='word_1_212' title='bbox 575 2146 606 2199; x_wconf 93' lang='lat' dir='ltr'><strong>et</strong></span> <span class='ocrx_word' id='word_1_213' title='bbox 635 2140 796 2200; x_wconf 83' lang='lat' dir='ltr'><strong>venditatio</strong></span> <span class='ocrx_word' id='word_1_214' title='bbox 820 2140 964 2219; x_wconf 90' lang='lat' dir='ltr'><strong>quaedam</strong></span> <span class='ocrx_word' id='word_1_215' title='bbox 988 2149 1076 2219; x_wconf 89' lang='lat' dir='ltr'><strong>atque</strong></span> <span class='ocrx_word' id='word_1_216' title='bbox 1100 2144 1258 2202; x_wconf 88' lang='lat' dir='ltr'><strong>ostentatio</strong></span> <span class='ocrx_word' id='word_1_217' title='bbox 1283 2159 1349 2202; x_wconf 90' lang='lat' dir='ltr'><strong>esse</strong></span> 
     </span>
    </p>
   </div>
   <div class='ocr_carea' id='block_1_3' title="bbox 61 2227 1349 2314">
    <p class='ocr_par' dir='ltr' id='par_1_4' title="bbox 61 2227 1349 2314">
     <span class='ocr_line' id='line_1_23' title="bbox 61 2227 1349 2314; baseline 0 -24"><span class='ocrx_word' id='word_1_218' title='bbox 61 2303 64 2314; x_wconf 26' lang='lat'>⁸</span> <span class='ocrx_word' id='word_1_219' title='bbox 173 2228 298 2308; x_wconf 72' lang='lat' dir='ltr'><strong>dicitur,</strong></span> <span class='ocrx_word' id='word_1_220' title='bbox 316 2227 403 2288; x_wconf 90' lang='lat' dir='ltr'><strong>multi</strong></span> <span class='ocrx_word' id='word_1_221' title='bbox 421 2228 537 2288; x_wconf 86' lang='lat' dir='ltr'><strong>divitias</strong></span> <span class='ocrx_word' id='word_1_222' title='bbox 560 2227 737 2310; x_wconf 90' lang='lat' dir='ltr'><strong>despiciunt,</strong></span> <span class='ocrx_word' id='word_1_223' title='bbox 757 2246 832 2307; x_wconf 93' lang='lat' dir='ltr'><strong>quos</strong></span> <span class='ocrx_word' id='word_1_224' title='bbox 851 2245 941 2308; x_wconf 89' lang='lat' dir='ltr'><strong>parvo</strong></span> <span class='ocrx_word' id='word_1_225' title='bbox 961 2235 1118 2289; x_wconf 88' lang='lat' dir='ltr'><strong>contentos</strong></span> <span class='ocrx_word' id='word_1_226' title='bbox 1136 2232 1235 2290; x_wconf 90' lang='lat' dir='ltr'><strong>tenuis</strong></span> <span class='ocrx_word' id='word_1_227' title='bbox 1253 2233 1349 2292; x_wconf 88' lang='lat' dir='ltr'><strong>victus</strong></span> 
     </span>
    </p>
   </div>
   <div class='ocr_carea' id='block_1_4' title="bbox 173 2315 1350 2488">
    <p class='ocr_par' dir='ltr' id='par_1_5' title="bbox 173 2315 1350 2488">
     <span class='ocr_line' id='line_1_24' title="bbox 173 2315 1348 2397; baseline 0.001 -19"><span class='ocrx_word' id='word_1_228' title='bbox 173 2317 332 2396; x_wconf 87' lang='lat' dir='ltr'><strong>cultusque</strong></span> <span class='ocrx_word' id='word_1_229' title='bbox 362 2315 503 2396; x_wconf 83' lang='lat' dir='ltr'><strong>delectat3</strong></span> <span class='ocrx_word' id='word_1_230' title='bbox 536 2315 666 2376; x_wconf 90' lang='lat' dir='ltr'><strong>honores</strong></span> <span class='ocrx_word' id='word_1_231' title='bbox 695 2335 780 2397; x_wconf 82' lang='lat' dir='ltr'><strong>vero,</strong></span> <span class='ocrx_word' id='word_1_232' title='bbox 813 2334 940 2396; x_wconf 91' lang='lat' dir='ltr'><strong>quorum</strong></span> <span class='ocrx_word' id='word_1_233' title='bbox 969 2317 1129 2397; x_wconf 87' lang='lat' dir='ltr'><strong>cupiditate</strong></span> <span class='ocrx_word' id='word_1_234' title='bbox 1158 2318 1277 2397; x_wconf 90' lang='lat' dir='ltr'><strong>quidam</strong></span> <span class='ocrx_word' id='word_1_235' title='bbox 1305 2321 1348 2380; x_wconf 90' lang='lat' dir='ltr'><strong>in-</strong></span> 
     </span>
     <span class='ocr_line' id='line_1_25' title="bbox 174 2403 1350 2488; baseline 0 -22"><span class='ocrx_word' id='word_1_236' title='bbox 174 2407 377 2486; x_wconf 73' lang='lat' dir='ltr'><strong>flammantur,</strong></span> <span class='ocrx_word' id='word_1_237' title='bbox 410 2423 498 2484; x_wconf 90' lang='lat' dir='ltr'><strong>quam</strong></span> <span class='ocrx_word' id='word_1_238' title='bbox 527 2403 613 2465; x_wconf 93' lang='lat' dir='ltr'><strong>multi</strong></span> <span class='ocrx_word' id='word_1_239' title='bbox 641 2407 681 2466; x_wconf 89' lang='lat' dir='ltr'><strong>ita</strong></span> <span class='ocrx_word' id='word_1_240' title='bbox 712 2411 923 2484; x_wconf 87' lang='lat' dir='ltr'><strong>contemnunt,</strong></span> <span class='ocrx_word' id='word_1_241' title='bbox 956 2413 989 2465; x_wconf 90' lang='lat' dir='ltr'><strong>ut</strong></span> <span class='ocrx_word' id='word_1_242' title='bbox 1017 2405 1089 2465; x_wconf 94' lang='lat' dir='ltr'><strong>nihil</strong></span> <span class='ocrx_word' id='word_1_243' title='bbox 1116 2407 1247 2488; x_wconf 90' lang='lat' dir='ltr'><strong>inanius,</strong></span> <span class='ocrx_word' id='word_1_244' title='bbox 1276 2407 1350 2468; x_wconf 93' lang='lat' dir='ltr'><strong>nihil</strong></span> 
     </span>
    </p>
   </div>
   <div class='ocr_carea' id='block_1_5' title="bbox 172 2643 1350 3000">
    <p class='ocr_par' dir='ltr' id='par_1_6' title="bbox 172 2643 1350 3000">
     <span class='ocr_line' id='line_1_26' title="bbox 210 2643 1350 2716; baseline 0.001 -16"><span class='ocrx_word' id='word_1_245' title='bbox 210 2661 277 2715; x_wconf 78' lang='lat' dir='ltr'><strong>quoe</strong></span> <span class='ocrx_word' id='word_1_246' title='bbox 290 2647 370 2700; x_wconf 77' lang='lat' dir='ltr'><strong>iuter.</strong></span> <span class='ocrx_word' id='word_1_247' title='bbox 400 2643 590 2700; x_wconf 79' lang='lat' dir='ltr'><strong>Hinsiohtlieh</strong></span> <span class='ocrx_word' id='word_1_248' title='bbox 603 2644 737 2699; x_wconf 76' lang='lat' dir='ltr'><strong>dethma-</strong></span> <span class='ocrx_word' id='word_1_249' title='bbox 790 2661 841 2700; x_wconf 86' lang='lat' dir='ltr'><strong>nes</strong></span> <span class='ocrx_word' id='word_1_250' title='bbox 868 2645 1066 2716; x_wconf 75' lang='lat' dir='ltr'><strong>nncbtrbglieh</strong></span> <span class='ocrx_word' id='word_1_251' title='bbox 1093 2646 1289 2716; x_wconf 84' lang='lat' dir='ltr'><strong>ungescbehen</strong></span> <span class='ocrx_word' id='word_1_252' title='bbox 1316 2665 1350 2701; x_wconf 86' lang='lat' dir='ltr'><strong>zu</strong></span> 
     </span>
     <span class='ocr_line' id='line_1_27' title="bbox 173 2715 1350 2787; baseline 0 -15"><span class='ocrx_word' id='word_1_253' title='bbox 173 2717 287 2785; x_wconf 79' lang='lat' dir='ltr'><strong>strophe</strong></span> <span class='ocrx_word' id='word_1_254' title='bbox 314 2717 363 2770; x_wconf 88' lang='lat' dir='ltr'><strong>der</strong></span> <span class='ocrx_word' id='word_1_255' title='bbox 380 2715 556 2785; x_wconf 77' lang='lat' dir='ltr'><strong>Prtposibion</strong></span> <span class='ocrx_word' id='word_1_256' title='bbox 574 2715 651 2771; x_wconf 90' lang='lat' dir='ltr'><strong>beim</strong></span> <span class='ocrx_word' id='word_1_257' title='bbox 668 2715 735 2770; x_wconf 90' lang='lat' dir='ltr'><strong>Pro·</strong></span> <span class='ocrx_word' id='word_1_258' title='bbox 790 2715 920 2781; x_wconf 72' lang='lat' dir='ltr'><strong>enocham</strong></span> <span class='ocrx_word' id='word_1_259' title='bbox 945 2716 1007 2771; x_wconf 88' lang='lat' dir='ltr'><strong>hier</strong></span> <span class='ocrx_word' id='word_1_260' title='bbox 1026 2717 1085 2771; x_wconf 84' lang='lat' dir='ltr'><strong>also</strong></span> <span class='ocrx_word' id='word_1_261' title='bbox 1104 2717 1158 2771; x_wconf 92' lang='lat' dir='ltr'><strong>den</strong></span> <span class='ocrx_word' id='word_1_262' title='bbox 1176 2716 1282 2787; x_wconf 86' lang='lat' dir='ltr'><strong>infulge</strong></span> <span class='ocrx_word' id='word_1_263' title='bbox 1301 2719 1350 2772; x_wconf 90' lang='lat' dir='ltr'><strong>des</strong></span> 
     </span>
     <span class='ocr_line' id='line_1_28' title="bbox 174 2785 1350 2857; baseline 0.001 -15"><span class='ocrx_word' id='word_1_264' title='bbox 174 2802 278 2842; x_wconf 87' lang='lat' dir='ltr'><strong>nomen</strong></span> <span class='ocrx_word' id='word_1_265' title='bbox 309 2785 485 2840; x_wconf 82' lang='lat' dir='ltr'><strong>indefinitum</strong></span> <span class='ocrx_word' id='word_1_266' title='bbox 513 2787 571 2855; x_wconf 85' lang='lat' dir='ltr'><strong>vgl.</strong></span> <span class='ocrx_word' id='word_1_267' title='bbox 600 2785 656 2842; x_wconf 81' lang='lat' dir='ltr'><strong>(lie.</strong></span> <span class='ocrx_word' id='word_1_268' title='bbox 684 2803 736 2856; x_wconf 83' lang='lat' dir='ltr'><strong>pro</strong></span> <span class='ocrx_word' id='word_1_269' title='bbox 791 2805 826 2841; x_wconf 84' lang='lat' dir='ltr'><strong>au</strong></span> <span class='ocrx_word' id='word_1_270' title='bbox 857 2789 959 2856; x_wconf 77' lang='lat' dir='ltr'><strong>spdten</strong></span> <span class='ocrx_word' id='word_1_271' title='bbox 990 2789 1116 2843; x_wconf 77' lang='lat' dir='ltr'><strong>iudicare</strong></span> <span class='ocrx_word' id='word_1_272' title='bbox 1140 2789 1350 2857; x_wconf 82' lang='lat' dir='ltr'><strong>eingetretenen</strong></span> 
     </span>
     <span class='ocr_line' id='line_1_29' title="bbox 173 2855 1350 2927; baseline -0.001 -13"><span class='ocrx_word' id='word_1_273' title='bbox 173 2859 255 2914; x_wconf 85' lang='lat' dir='ltr'><strong>Roso.</strong></span> <span class='ocrx_word' id='word_1_274' title='bbox 272 2855 334 2913; x_wconf 76' lang='lat' dir='ltr'><strong>Am.</strong></span> <span class='ocrx_word' id='word_1_275' title='bbox 349 2862 393 2925; x_wconf 81' lang='lat'><strong>40,</strong></span> <span class='ocrx_word' id='word_1_276' title='bbox 409 2861 460 2910; x_wconf 87' lang='lat'><strong>118</strong></span> <span class='ocrx_word' id='word_1_277' title='bbox 474 2857 500 2912; x_wconf 80' lang='lat' dir='ltr'><strong>ai</strong></span> <span class='ocrx_word' id='word_1_278' title='bbox 512 2873 566 2926; x_wconf 83' lang='lat' dir='ltr'><strong>quo</strong></span> <span class='ocrx_word' id='word_1_279' title='bbox 579 2859 612 2912; x_wconf 82' lang='lat' dir='ltr'><strong>de</strong></span> <span class='ocrx_word' id='word_1_280' title='bbox 625 2858 737 2913; x_wconf 75' lang='lat' dir='ltr'><strong>allorum</strong></span> <span class='ocrx_word' id='word_1_281' title='bbox 791 2857 929 2927; x_wconf 86' lang='lat' dir='ltr'><strong>Wunscb,</strong></span> <span class='ocrx_word' id='word_1_282' title='bbox 952 2858 1006 2912; x_wconf 90' lang='lat' dir='ltr'><strong>den</strong></span> <span class='ocrx_word' id='word_1_283' title='bbox 1028 2857 1099 2914; x_wconf 82' lang='lat' dir='ltr'><strong>betr.</strong></span> <span class='ocrx_word' id='word_1_284' title='bbox 1122 2857 1350 2914; x_wconf 81' lang='lat' dir='ltr'><strong>Freuudsohalts-</strong></span> 
     </span>
     <span class='ocr_line' id='line_1_30' title="bbox 172 2927 1350 3000; baseline 0.001 -16"><span class='ocrx_word' id='word_1_285' title='bbox 172 2929 244 2996; x_wconf 80' lang='lat' dir='ltr'><strong>forte</strong></span> <span class='ocrx_word' id='word_1_286' title='bbox 261 2929 443 2985; x_wconf 77' lang='lat' dir='ltr'><strong>dubitabitur.</strong></span> <span class='ocrx_word' id='word_1_287' title='bbox 789 2929 867 2982; x_wconf 87' lang='lat' dir='ltr'><strong>bund</strong></span> <span class='ocrx_word' id='word_1_288' title='bbox 890 2927 980 2983; x_wconf 88' lang='lat' dir='ltr'><strong>lieber</strong></span> <span class='ocrx_word' id='word_1_289' title='bbox 1002 2945 1052 2998; x_wconf 84' lang='lat' dir='ltr'><strong>gar</strong></span> <span class='ocrx_word' id='word_1_290' title='bbox 1074 2929 1154 2983; x_wconf 82' lang='lat' dir='ltr'><strong>nicht</strong></span> <span class='ocrx_word' id='word_1_291' title='bbox 1171 2929 1350 3000; x_wconf 83' lang='lat' dir='ltr'><strong>geseblossen</strong></span> 
     </span>
    </p>
   </div>
   <div class='ocr_carea' id='block_1_6' title="bbox 171 3000 1456 4142">
    <p class='ocr_par' dir='ltr' id='par_1_7' title="bbox 172 3000 1350 3218">
     <span class='ocr_line' id='line_1_31' title="bbox 211 3000 1312 3086; baseline -0.003 -14"><span class='ocrx_word' id='word_1_292' title='bbox 211 3018 369 3085; x_wconf 76' lang='lat' dir='ltr'><strong>comitatae,</strong></span> <span class='ocrx_word' id='word_1_293' title='bbox 391 3015 525 3071; x_wconf 84' lang='lat' dir='ltr'><strong>konkret:</strong></span> <span class='ocrx_word' id='word_1_294' title='bbox 550 3013 736 3086; x_wconf 84' lang='lat' dir='ltr'><strong>Reisegesell-</strong></span> <span class='ocrx_word' id='word_1_295' title='bbox 790 3018 823 3054; x_wconf 59' lang='grc' dir='ltr'><strong>ΖΠ</strong></span> <span class='ocrx_word' id='word_1_296' title='bbox 841 3000 941 3054; x_wconf 63' lang='lat' dir='ltr'><strong>haben·</strong></span> <span class='ocrx_word' id='word_1_297' title='bbox 1022 3070 1039 3082; x_wconf 71' lang='grc'><strong>,,</strong></span> <span class='ocrx_word' id='word_1_298' title='bbox 1129 3070 1135 3081; x_wconf 75' lang='grc'>,</span> <span class='ocrx_word' id='word_1_299' title='bbox 1307 3071 1312 3082; x_wconf 69' lang='grc'>,</span> 
     </span>
     <span class='ocr_line' id='line_1_32' title="bbox 173 3070 1349 3156; baseline -0.008 -11"><span class='ocrx_word' id='word_1_300' title='bbox 173 3087 281 3156; x_wconf 81' lang='lat' dir='ltr'><strong>rubuit,</strong></span> <span class='ocrx_word' id='word_1_301' title='bbox 299 3088 353 3143; x_wconf 86' lang='lat' dir='ltr'><strong>wie</strong></span> <span class='ocrx_word' id='word_1_302' title='bbox 372 3087 424 3142; x_wconf 79' lang='lat' dir='ltr'><strong>eit.</strong></span> <span class='ocrx_word' id='word_1_303' title='bbox 445 3086 504 3142; x_wconf 81' lang='lat' dir='ltr'><strong>Cat.</strong></span> <span class='ocrx_word' id='word_1_304' title='bbox 525 3091 550 3154; x_wconf 83' lang='grc'><strong>3,</strong></span> <span class='ocrx_word' id='word_1_305' title='bbox 570 3091 595 3154; x_wconf 84' lang='grc'><strong>3,</strong></span> <span class='ocrx_word' id='word_1_306' title='bbox 615 3093 644 3154; x_wconf 86' lang='grc'><strong>6;</strong></span> <span class='ocrx_word' id='word_1_307' title='bbox 668 3085 735 3142; x_wconf 82' lang='lat' dir='ltr'><strong>Sall.</strong></span> <span class='ocrx_word' id='word_1_308' title='bbox 825 3086 878 3126; x_wconf 63' lang='lat'><strong>“⁸²⁴</strong></span> <span class='ocrx_word' id='word_1_309' title='bbox 897 3101 931 3152; x_wconf 66' lang='grc'><strong>-,’</strong></span> <span class='ocrx_word' id='word_1_310' title='bbox 950 3070 1060 3137; x_wconf 61' lang='lat' dir='ltr'><strong><em>Offiflw·</em></strong></span> <span class='ocrx_word' id='word_1_311' title='bbox 1100 3070 1185 3124; x_wconf 75' lang='lat' dir='ltr'><strong>D10⁸0</strong></span> <span class='ocrx_word' id='word_1_312' title='bbox 1216 3070 1349 3154; x_wconf 50' lang='lat' dir='ltr'><strong>Ablffilve</strong></span> 
     </span>
     <span class='ocr_line' id='line_1_33' title="bbox 172 3140 1350 3218; baseline 0.001 -23"><span class='ocrx_word' id='word_1_313' title='bbox 172 3161 234 3218; x_wconf 42' lang='lat' dir='ltr'><strong>(pag,</strong></span> <span class='ocrx_word' id='word_1_314' title='bbox 253 3166 288 3214; x_wconf 76' lang='lat'><strong>45</strong></span> <span class='ocrx_word' id='word_1_315' title='bbox 319 3166 343 3215; x_wconf 45' lang='lat'><strong>1·</strong></span> <span class='ocrx_word' id='word_1_316' title='bbox 790 3142 888 3196; x_wconf 77' lang='lat' dir='ltr'><strong>slehen</strong></span> <span class='ocrx_word' id='word_1_317' title='bbox 907 3159 938 3195; x_wconf 94' lang='grc' dir='ltr'><strong>ιιι</strong></span> <span class='ocrx_word' id='word_1_318' title='bbox 955 3141 1117 3195; x_wconf 85' lang='lat' dir='ltr'><strong>demselben</strong></span> <span class='ocrx_word' id='word_1_319' title='bbox 1135 3140 1296 3196; x_wconf 69' lang='lat' dir='ltr'><strong>Verhdltnrs</strong></span> <span class='ocrx_word' id='word_1_320' title='bbox 1315 3159 1350 3196; x_wconf 84' lang='lat' dir='ltr'><strong>nu</strong></span> 
     </span>
    </p>

    <p class='ocr_par' dir='ltr' id='par_1_8' title="bbox 172 3202 1350 3552">
     <span class='ocr_line' id='line_1_34' title="bbox 208 3202 1350 3316; baseline 0.001 -49"><span class='ocrx_word' id='word_1_321' title='bbox 208 3202 298 3313; x_wconf 49' lang='grc' dir='ltr'><strong>ω’</strong></span> <span class='ocrx_word' id='word_1_322' title='bbox 324 3248 537 3302; x_wconf 53' lang='lat' dir='ltr'><strong><em>dicendum-8</em></strong></span> <span class='ocrx_word' id='word_1_323' title='bbox 595 3248 634 3302; x_wconf 52' lang='grc' dir='ltr'><strong>,ω</strong></span> <span class='ocrx_word' id='word_1_324' title='bbox 670 3245 727 3316; x_wconf 68' lang='lat' dir='ltr'><strong>vg,</strong></span> <span class='ocrx_word' id='word_1_325' title='bbox 789 3213 934 3296; x_wconf 72' lang='lat' dir='ltr'><strong>implicati,</strong></span> <span class='ocrx_word' id='word_1_326' title='bbox 957 3211 1010 3295; x_wconf 73' lang='lat' dir='ltr'><strong>uie</strong></span> <span class='ocrx_word' id='word_1_327' title='bbox 1035 3216 1143 3296; x_wconf 37' lang='lat' dir='ltr'><strong>&#39;tato</strong></span> <span class='ocrx_word' id='word_1_328' title='bbox 1167 3211 1217 3267; x_wconf 87' lang='lat' dir='ltr'><strong>der</strong></span> <span class='ocrx_word' id='word_1_329' title='bbox 1234 3211 1350 3268; x_wconf 76' lang='lat' dir='ltr'><strong>Ablutir</strong></span> 
     </span>
     <span class='ocr_line' id='line_1_35' title="bbox 190 3406 1348 3495; baseline 0.003 -18"><span class='ocrx_word' id='word_1_330' title='bbox 190 3407 377 3490; x_wconf 59' lang='lat' dir='ltr'><strong>,molestatio</strong></span> <span class='ocrx_word' id='word_1_331' title='bbox 389 3406 433 3490; x_wconf 61' lang='lat' dir='ltr'><strong>‚ist</strong></span> <span class='ocrx_word' id='word_1_332' title='bbox 445 3407 510 3462; x_wconf 78' lang='lat' dir='ltr'><strong>nu.</strong></span> <span class='ocrx_word' id='word_1_333' title='bbox 530 3423 604 3462; x_wconf 67' lang='lat' dir='ltr'><strong>caus·</strong></span> <span class='ocrx_word' id='word_1_334' title='bbox 615 3407 734 3476; x_wconf 67' lang='lat' dir='ltr'><strong>-puo</strong></span> <span class='ocrx_word' id='word_1_335' title='bbox 791 3423 862 3492; x_wconf 71' lang='lat' dir='ltr'><strong>nege</strong></span> <span class='ocrx_word' id='word_1_336' title='bbox 880 3425 931 3479; x_wconf 75' lang='lat' dir='ltr'><strong>aer</strong></span> <span class='ocrx_word' id='word_1_337' title='bbox 948 3424 1057 3492; x_wconf 71' lang='lat' dir='ltr'><strong>uma,</strong></span> <span class='ocrx_word' id='word_1_338' title='bbox 1081 3426 1207 3480; x_wconf 72' lang='lat' dir='ltr'><strong>westan&gt;</strong></span> <span class='ocrx_word' id='word_1_339' title='bbox 1222 3425 1288 3495; x_wconf 69' lang='lat' dir='ltr'><strong>jem</strong></span> <span class='ocrx_word' id='word_1_340' title='bbox 1305 3427 1348 3480; x_wconf 71' lang='grc' dir='ltr'><strong>ιι-</strong></span> 
     </span>
     <span class='ocr_line' id='line_1_36' title="bbox 172 3479 1312 3552; baseline 0.005 -6"><span class='ocrx_word' id='word_1_341' title='bbox 172 3481 268 3543; x_wconf 53' lang='lat' dir='ltr'><strong>‘lmus’</strong></span> <span class='ocrx_word' id='word_1_342' title='bbox 284 3492 339 3532; x_wconf 79' lang='lat' dir='ltr'>V⁰¹¹</span> <span class='ocrx_word' id='word_1_343' title='bbox 354 3479 468 3546; x_wconf 60' lang='lat' dir='ltr'><strong>illm·</strong></span> <span class='ocrx_word' id='word_1_344' title='bbox 790 3497 871 3550; x_wconf 73' lang='lat' dir='ltr'><strong>uario</strong></span> <span class='ocrx_word' id='word_1_345' title='bbox 888 3511 936 3549; x_wconf 90' lang='lat' dir='ltr'><strong>um</strong></span> <span class='ocrx_word' id='word_1_346' title='bbox 955 3513 985 3552; x_wconf 85' lang='lat' dir='ltr'><strong>so</strong></span> <span class='ocrx_word' id='word_1_347' title='bbox 1003 3495 1083 3550; x_wconf 85' lang='lat' dir='ltr'><strong>mehr</strong></span> <span class='ocrx_word' id='word_1_348' title='bbox 1100 3513 1134 3549; x_wconf 86' lang='lat' dir='ltr'><strong>au</strong></span> <span class='ocrx_word' id='word_1_349' title='bbox 1151 3496 1249 3550; x_wconf 81' lang='lat' dir='ltr'><strong>tadeln</strong></span> <span class='ocrx_word' id='word_1_350' title='bbox 1266 3497 1312 3552; x_wconf 86' lang='lat' dir='ltr'><strong>iat.</strong></span> 
     </span>
    </p>

    <p class='ocr_par' dir='ltr' id='par_1_9' title="bbox 171 3565 1456 3990">
     <span class='ocr_line' id='line_1_37' title="bbox 210 3565 1348 3636; baseline 0.001 -16"><span class='ocrx_word' id='word_1_351' title='bbox 210 3569 235 3620; x_wconf 81' lang='lat' dir='ltr'><strong>et</strong></span> <span class='ocrx_word' id='word_1_352' title='bbox 258 3565 409 3636; x_wconf 74' lang='lat' dir='ltr'><strong>deligendis</strong></span> <span class='ocrx_word' id='word_1_353' title='bbox 432 3567 464 3633; x_wconf 88' lang='lat' dir='ltr'><strong>(s.</strong></span> <span class='ocrx_word' id='word_1_354' title='bbox 488 3585 522 3620; x_wconf 84' lang='lat' dir='ltr'><strong>nu</strong></span> <span class='ocrx_word' id='word_1_355' title='bbox 547 3572 593 3634; x_wconf 85' lang='lat'><strong>16,</strong></span> <span class='ocrx_word' id='word_1_356' title='bbox 617 3571 651 3620; x_wconf 84' lang='grc'><strong>60</strong></span> <span class='ocrx_word' id='word_1_357' title='bbox 670 3567 736 3621; x_wconf 82' lang='lat' dir='ltr'><strong>deli·</strong></span> <span class='ocrx_word' id='word_1_358' title='bbox 827 3566 992 3636; x_wconf 72' lang='lat' dir='ltr'><strong>Quanquam</strong></span> <span class='ocrx_word' id='word_1_359' title='bbox 1006 3585 1025 3621; x_wconf 87' lang='lat' dir='ltr'><strong>u</strong></span> <span class='ocrx_word' id='word_1_360' title='bbox 1038 3567 1131 3621; x_wconf 81' lang='lat' dir='ltr'><strong>multis</strong></span> <span class='ocrx_word' id='word_1_361' title='bbox 1145 3585 1171 3620; x_wconf 91' lang='lat' dir='ltr'><strong>u.</strong></span> <span class='ocrx_word' id='word_1_362' title='bbox 1182 3585 1202 3621; x_wconf 84' lang='lat' dir='ltr'><strong>s.</strong></span> <span class='ocrx_word' id='word_1_363' title='bbox 1213 3584 1256 3635; x_wconf 73' lang='lat' dir='ltr'><strong>w,</strong></span> <span class='ocrx_word' id='word_1_364' title='bbox 1269 3572 1348 3621; x_wconf 79' lang='lat' dir='ltr'><strong>nilm-</strong></span> 
     </span>
     <span class='ocr_line' id='line_1_38' title="bbox 171 3635 1348 3708; baseline -0.001 -15"><span class='ocrx_word' id='word_1_365' title='bbox 171 3637 272 3708; x_wconf 78' lang='lat' dir='ltr'><strong>qcudo)</strong></span> <span class='ocrx_word' id='word_1_366' title='bbox 291 3642 316 3689; x_wconf 87' lang='lat' dir='ltr'><strong>et</strong></span> <span class='ocrx_word' id='word_1_367' title='bbox 333 3637 461 3690; x_wconf 79' lang='lat' dir='ltr'><strong>colendis.</strong></span> <span class='ocrx_word' id='word_1_368' title='bbox 490 3637 553 3692; x_wconf 88' lang='lat' dir='ltr'><strong>Wir</strong></span> <span class='ocrx_word' id='word_1_369' title='bbox 570 3641 736 3691; x_wconf 76' lang='lat' dir='ltr'><strong>veretumen</strong></span> <span class='ocrx_word' id='word_1_370' title='bbox 788 3636 846 3692; x_wconf 90' lang='lat' dir='ltr'><strong>licb</strong></span> <span class='ocrx_word' id='word_1_371' title='bbox 868 3655 924 3692; x_wconf 87' lang='lat' dir='ltr'><strong>ron</strong></span> <span class='ocrx_word' id='word_1_372' title='bbox 946 3639 1001 3693; x_wconf 87' lang='lat' dir='ltr'><strong>den</strong></span> <span class='ocrx_word' id='word_1_373' title='bbox 1024 3635 1209 3693; x_wconf 81' lang='lat' dir='ltr'><strong>Utiliiariern.</strong></span> <span class='ocrx_word' id='word_1_374' title='bbox 1234 3667 1267 3676; x_wconf 90' lang='lat'><em>—</em></span> <span class='ocrx_word' id='word_1_375' title='bbox 1290 3638 1348 3692; x_wconf 85' lang='lat' dir='ltr'><strong>Das</strong></span> 
     </span>
     <span class='ocr_line' id='line_1_39' title="bbox 172 3705 1456 3778; baseline 0 -16"><span class='ocrx_word' id='word_1_376' title='bbox 172 3724 211 3777; x_wconf 82' lang='lat' dir='ltr'><strong>ea,</strong></span> <span class='ocrx_word' id='word_1_377' title='bbox 225 3708 330 3762; x_wconf 83' lang='lat' dir='ltr'><strong>vorher</strong></span> <span class='ocrx_word' id='word_1_378' title='bbox 343 3706 389 3760; x_wconf 91' lang='lat' dir='ltr'><strong>die</strong></span> <span class='ocrx_word' id='word_1_379' title='bbox 404 3705 737 3776; x_wconf 80' lang='lat' dir='ltr'><strong>erforderliohePrdinng</strong></span> <span class='ocrx_word' id='word_1_380' title='bbox 791 3707 955 3778; x_wconf 61' lang='lat' dir='ltr'><strong>Quamnam</strong></span> <span class='ocrx_word' id='word_1_381' title='bbox 973 3709 1075 3778; x_wconf 83' lang='lat' dir='ltr'><strong>gebdrt</strong></span> <span class='ocrx_word' id='word_1_382' title='bbox 1093 3708 1159 3762; x_wconf 90' lang='lat' dir='ltr'><strong>dem</strong></span> <span class='ocrx_word' id='word_1_383' title='bbox 1173 3707 1257 3762; x_wconf 81' lang='lat' dir='ltr'><strong>Sinna</strong></span> <span class='ocrx_word' id='word_1_384' title='bbox 1275 3709 1348 3762; x_wconf 86' lang='lat' dir='ltr'><strong>nach</strong></span> <span class='ocrx_word' id='word_1_385' title='bbox 1455 3763 1456 3768; x_wconf 8' lang='grc' dir='ltr'>χ</span> 
     </span>
     <span class='ocr_line' id='line_1_40' title="bbox 171 3775 1456 3860; baseline -0.002 -26"><span class='ocrx_word' id='word_1_386' title='bbox 171 3778 355 3847; x_wconf 83' lang='lat' dir='ltr'><strong>anaustellen,</strong></span> <span class='ocrx_word' id='word_1_387' title='bbox 375 3777 483 3832; x_wconf 84' lang='lat' dir='ltr'><strong>welche</strong></span> <span class='ocrx_word' id='word_1_388' title='bbox 498 3777 572 3832; x_wconf 77' lang='lat' dir='ltr'><strong>donn</strong></span> <span class='ocrx_word' id='word_1_389' title='bbox 585 3778 735 3847; x_wconf 80' lang='lat' dir='ltr'><strong>nachtrdg-</strong></span> <span class='ocrx_word' id='word_1_390' title='bbox 788 3797 823 3850; x_wconf 81' lang='lat' dir='ltr'><strong>zu</strong></span> <span class='ocrx_word' id='word_1_391' title='bbox 846 3779 901 3834; x_wconf 83' lang='lat' dir='ltr'><strong>den</strong></span> <span class='ocrx_word' id='word_1_392' title='bbox 924 3780 1092 3834; x_wconf 75' lang='lat' dir='ltr'><strong>stmtlichen</strong></span> <span class='ocrx_word' id='word_1_393' title='bbox 1114 3778 1174 3832; x_wconf 87' lang='lat' dir='ltr'><strong>vier</strong></span> <span class='ocrx_word' id='word_1_394' title='bbox 1196 3778 1348 3860; x_wconf 75' lang='lat' dir='ltr'><strong>folgenden</strong></span> <span class='ocrx_word' id='word_1_395' title='bbox 1455 3775 1456 3821; x_wconf 63' lang='grc' dir='ltr'>ἰ</span> 
     </span>
     <span class='ocr_line' id='line_1_41' title="bbox 172 3848 1349 3920; baseline 0 -16"><span class='ocrx_word' id='word_1_396' title='bbox 172 3849 231 3904; x_wconf 87' lang='lat' dir='ltr'><strong>lioh</strong></span> <span class='ocrx_word' id='word_1_397' title='bbox 255 3849 324 3920; x_wconf 84' lang='lat' dir='ltr'><strong>(vgl.</strong></span> <span class='ocrx_word' id='word_1_398' title='bbox 344 3849 532 3918; x_wconf 75' lang='lat' dir='ltr'><strong>praeposteris</strong></span> <span class='ocrx_word' id='word_1_399' title='bbox 550 3848 683 3918; x_wconf 78' lang='lat' dir='ltr'><strong>cmaeiliie)</strong></span> <span class='ocrx_word' id='word_1_400' title='bbox 702 3867 736 3903; x_wconf 83' lang='grc' dir='ltr'><strong>ιιι</strong></span> <span class='ocrx_word' id='word_1_401' title='bbox 790 3849 892 3904; x_wconf 74' lang='lat' dir='ltr'><strong>Sbtcen</strong></span> <span class='ocrx_word' id='word_1_402' title='bbox 928 3851 1030 3918; x_wconf 86' lang='lat' dir='ltr'><strong>(denen</strong></span> <span class='ocrx_word' id='word_1_403' title='bbox 1061 3848 1185 3904; x_wconf 87' lang='lat' dir='ltr'><strong>nachher</strong></span> <span class='ocrx_word' id='word_1_404' title='bbox 1215 3849 1261 3904; x_wconf 87' lang='lat' dir='ltr'><strong>dre</strong></span> <span class='ocrx_word' id='word_1_405' title='bbox 1293 3849 1349 3904; x_wconf 89' lang='lat' dir='ltr'><strong>den</strong></span> 
     </span>
     <span class='ocr_line' id='line_1_42' title="bbox 172 3919 1347 3990; baseline 0.001 -17"><span class='ocrx_word' id='word_1_406' title='bbox 172 3923 237 3990; x_wconf 76' lang='lat' dir='ltr'><strong>aptit</strong></span> <span class='ocrx_word' id='word_1_407' title='bbox 253 3922 372 3976; x_wconf 81' lang='lat' dir='ltr'><strong>kommt.</strong></span> <span class='ocrx_word' id='word_1_408' title='bbox 788 3919 892 3990; x_wconf 86' lang='lat' dir='ltr'><strong>obigeu</strong></span> <span class='ocrx_word' id='word_1_409' title='bbox 911 3921 976 3975; x_wconf 81' lang='lat' dir='ltr'><strong>Sata</strong></span> <span class='ocrx_word' id='word_1_410' title='bbox 999 3920 1063 3975; x_wconf 80' lang='lat' dir='ltr'><strong>Uuu</strong></span> <span class='ocrx_word' id='word_1_411' title='bbox 1081 3925 1120 3974; x_wconf 83' lang='lat' dir='ltr'><strong>eat</strong></span> <span class='ocrx_word' id='word_1_412' title='bbox 1137 3921 1208 3974; x_wconf 80' lang='lat' dir='ltr'><strong>euim</strong></span> <span class='ocrx_word' id='word_1_413' title='bbox 1284 3936 1347 3974; x_wconf 63' lang='lat' dir='ltr'><strong>coac</strong></span> 
     </span>
    </p>

    <p class='ocr_par' dir='ltr' id='par_1_10' title="bbox 172 3989 1455 4142">
     <span class='ocr_line' id='line_1_43' title="bbox 208 3989 1455 4066; baseline -0.001 -20"><span class='ocrx_word' id='word_1_414' title='bbox 208 3997 271 4046; x_wconf 82' lang='lat' dir='ltr'><strong>octa</strong></span> <span class='ocrx_word' id='word_1_415' title='bbox 293 3993 409 4061; x_wconf 78' lang='lat' dir='ltr'><strong>aqimus.</strong></span> <span class='ocrx_word' id='word_1_416' title='bbox 446 3989 499 4045; x_wconf 87' lang='lat' dir='ltr'><strong>Die</strong></span> <span class='ocrx_word' id='word_1_417' title='bbox 516 3989 673 4045; x_wconf 80' lang='lat' dir='ltr'><strong>Redensart</strong></span> <span class='ocrx_word' id='word_1_418' title='bbox 694 3990 734 4046; x_wconf 85' lang='lat' dir='ltr'><strong>ist</strong></span> <span class='ocrx_word' id='word_1_419' title='bbox 785 3994 908 4046; x_wconf 76' lang='lat' dir='ltr'><strong>sentiunt</strong></span> <span class='ocrx_word' id='word_1_420' title='bbox 962 3991 1066 4046; x_wconf 83' lang='lat' dir='ltr'><strong>wieder</strong></span> <span class='ocrx_word' id='word_1_421' title='bbox 1124 3989 1348 4046; x_wconf 84' lang='lat' dir='ltr'><strong>aufnehmenden</strong></span> <span class='ocrx_word' id='word_1_422' title='bbox 1454 4051 1455 4066; x_wconf 47' lang='lat'><strong>,</strong></span> 
     </span>
     <span class='ocr_line' id='line_1_44' title="bbox 172 4061 1454 4142; baseline 0 -26"><span class='ocrx_word' id='word_1_423' title='bbox 172 4062 733 4131; x_wconf 60' lang='lat' dir='ltr'><strong>entlehutoiudiciiqubiquodsemeliu-</strong></span> <span class='ocrx_word' id='word_1_424' title='bbox 786 4061 884 4118; x_wconf 82' lang='lat' dir='ltr'><strong>Worte</strong></span> <span class='ocrx_word' id='word_1_425' title='bbox 919 4063 964 4117; x_wconf 86' lang='lat' dir='ltr'><strong>De</strong></span> <span class='ocrx_word' id='word_1_426' title='bbox 1000 4062 1125 4118; x_wconf 74' lang='lat' dir='ltr'><strong>muioitiu</strong></span> <span class='ocrx_word' id='word_1_427' title='bbox 1157 4077 1247 4118; x_wconf 84' lang='lat' dir='ltr'><strong>omues</strong></span> <span class='ocrx_word' id='word_1_428' title='bbox 1277 4061 1348 4117; x_wconf 77' lang='grc' dir='ltr'><strong>ι’ἀιιιι</strong></span> <span class='ocrx_word' id='word_1_429' title='bbox 1452 4103 1454 4142; x_wconf 23' lang='lat'>2</span> 
     </span>
    </p>
   </div>
   <div class='ocr_carea' id='block_1_7' title="bbox 60 4133 1348 4204">
    <p class='ocr_par' dir='ltr' id='par_1_11' title="bbox 60 4133 1348 4204">
     <span class='ocr_line' id='line_1_45' title="bbox 60 4133 1348 4204; baseline -0.001 -17"><span class='ocrx_word' id='word_1_430' title='bbox 60 4169 63 4178; x_wconf 87' lang='lat'><em>.</em></span> <span class='ocrx_word' id='word_1_431' title='bbox 172 4133 294 4188; x_wconf 80' lang='lat' dir='ltr'><strong>dicatum</strong></span> <span class='ocrx_word' id='word_1_432' title='bbox 312 4138 360 4201; x_wconf 81' lang='lat' dir='ltr'><strong>eet,</strong></span> <span class='ocrx_word' id='word_1_433' title='bbox 377 4134 624 4200; x_wconf 72' lang='lat' dir='ltr'><strong>frustratim</strong></span> <span class='ocrx_word' id='word_1_434' title='bbox 638 4134 733 4202; x_wconf 64' lang='lat' dir='ltr'><strong>agitur</strong></span> <span class='ocrx_word' id='word_1_435' title='bbox 785 4134 908 4187; x_wconf 67' lang='lat' dir='ltr'><strong>mutium</strong></span> <span class='ocrx_word' id='word_1_436' title='bbox 925 4133 1184 4204; x_wconf 78' lang='lat' dir='ltr'><strong>entgegenatehen).</strong></span> <span class='ocrx_word' id='word_1_437' title='bbox 1211 4133 1266 4188; x_wconf 89' lang='lat' dir='ltr'><strong>Um</strong></span> <span class='ocrx_word' id='word_1_438' title='bbox 1280 4133 1348 4188; x_wconf 85' lang='lat' dir='ltr'><strong>aber</strong></span> 
     </span>
    </p>
   </div>
   <div class='ocr_carea' id='block_1_8' title="bbox 171 4201 1348 4418">
    <p class='ocr_par' dir='ltr' id='par_1_12' title="bbox 171 4201 1348 4418">
     <span class='ocr_line' id='line_1_46' title="bbox 173 4201 1348 4274; baseline 0 -17"><span class='ocrx_word' id='word_1_439' title='bbox 173 4203 296 4273; x_wconf 82' lang='lat' dir='ltr'><strong>(Donat.)</strong></span> <span class='ocrx_word' id='word_1_440' title='bbox 325 4201 372 4258; x_wconf 82' lang='lat' dir='ltr'><strong>Sia</strong></span> <span class='ocrx_word' id='word_1_441' title='bbox 385 4204 549 4259; x_wconf 78' lang='lat' dir='ltr'><strong>bezeichnet</strong></span> <span class='ocrx_word' id='word_1_442' title='bbox 563 4203 638 4258; x_wconf 85' lang='lat' dir='ltr'><strong>daun</strong></span> <span class='ocrx_word' id='word_1_443' title='bbox 652 4203 732 4258; x_wconf 84' lang='lat' dir='ltr'><strong>dher·</strong></span> <span class='ocrx_word' id='word_1_444' title='bbox 785 4202 982 4274; x_wconf 79' lang='lat' dir='ltr'><strong>Eintdnigheit</strong></span> <span class='ocrx_word' id='word_1_445' title='bbox 1018 4221 1051 4258; x_wconf 84' lang='lat' dir='ltr'><strong>zu</strong></span> <span class='ocrx_word' id='word_1_446' title='bbox 1086 4203 1261 4272; x_wconf 84' lang='lat' dir='ltr'><strong>vermeiden,</strong></span> <span class='ocrx_word' id='word_1_447' title='bbox 1297 4203 1348 4257; x_wconf 82' lang='lat' dir='ltr'><strong>hat</strong></span> 
     </span>
     <span class='ocr_line' id='line_1_47' title="bbox 171 4272 1347 4345; baseline -0.003 -15"><span class='ocrx_word' id='word_1_448' title='bbox 171 4275 263 4344; x_wconf 80' lang='lat' dir='ltr'><strong>haupt</strong></span> <span class='ocrx_word' id='word_1_449' title='bbox 289 4272 339 4328; x_wconf 79' lang='lat' dir='ltr'><strong>dns</strong></span> <span class='ocrx_word' id='word_1_450' title='bbox 365 4274 545 4345; x_wconf 87' lang='lat' dir='ltr'><strong>vergebliohe</strong></span> <span class='ocrx_word' id='word_1_451' title='bbox 571 4274 731 4342; x_wconf 79' lang='lat' dir='ltr'><strong>Bostreben,</strong></span> <span class='ocrx_word' id='word_1_452' title='bbox 787 4273 883 4330; x_wconf 80' lang='lat' dir='ltr'><strong>Cicero</strong></span> <span class='ocrx_word' id='word_1_453' title='bbox 911 4275 966 4331; x_wconf 87' lang='lat' dir='ltr'><strong>den</strong></span> <span class='ocrx_word' id='word_1_454' title='bbox 994 4274 1096 4330; x_wconf 85' lang='lat' dir='ltr'><strong>beiden</strong></span> <span class='ocrx_word' id='word_1_455' title='bbox 1118 4275 1223 4330; x_wconf 83' lang='lat' dir='ltr'><strong>letnten</strong></span> <span class='ocrx_word' id='word_1_456' title='bbox 1247 4273 1347 4329; x_wconf 82' lang='lat' dir='ltr'><strong>Sttzen</strong></span> 
     </span>
     <span class='ocr_line' id='line_1_48' title="bbox 171 4344 1234 4418; baseline -0.001 -17"><span class='ocrx_word' id='word_1_457' title='bbox 171 4347 259 4402; x_wconf 77' lang='lat' dir='ltr'><strong>etuas</strong></span> <span class='ocrx_word' id='word_1_458' title='bbox 277 4344 381 4401; x_wconf 85' lang='lat' dir='ltr'><strong>einrnal</strong></span> <span class='ocrx_word' id='word_1_459' title='bbox 399 4364 434 4400; x_wconf 83' lang='lat' dir='ltr'><strong>au</strong></span> <span class='ocrx_word' id='word_1_460' title='bbox 448 4345 554 4402; x_wconf 81' lang='lat' dir='ltr'><strong>Stande</strong></span> <span class='ocrx_word' id='word_1_461' title='bbox 571 4346 732 4416; x_wconf 82' lang='lat' dir='ltr'><strong>gekomme·</strong></span> <span class='ocrx_word' id='word_1_462' title='bbox 786 4345 978 4418; x_wconf 81' lang='lat' dir='ltr'><strong>selbstltndige</strong></span> <span class='ocrx_word' id='word_1_463' title='bbox 996 4347 1079 4402; x_wconf 82' lang='lat' dir='ltr'><strong>Fonm</strong></span> <span class='ocrx_word' id='word_1_464' title='bbox 1099 4345 1234 4416; x_wconf 82' lang='lat' dir='ltr'><strong>gegeben.</strong></span> 
     </span>
    </p>
   </div>
   <div class='ocr_carea' id='block_1_9' title="bbox 0 0 1478 4758">
    <p class='ocr_par' dir='ltr' id='par_1_13' title="bbox 0 0 1478 4758">
     <span class='ocr_line' id='line_1_49' title="bbox 0 0 1478 4758; baseline 0 0"><span class='ocrx_word' id='word_1_465' title='bbox 0 0 1478 4758; x_wconf 95' lang='lat' dir='ltr'><strong> </strong></span> 
     </span>
    </p>
   </div>
  </div>
 </body>
</html>
