2946 4758
569 205 631 273 vus,
650 203 796 274 rs-vur,
813 209 856 260 re.
1259 202 1301 268 tl

123 380 165 439 ita
199 384 297 440 amant
327 375 362 436 ad
393 373 541 452 quoddam
570 380 689 451 tempus
718 377 748 430 et
776 367 812 429 ab
840 371 884 430 eis
910 371 950 430 ita
978 380 1127 446 amantur,
1155 379 1189 432 ut
1217 370 1302 431 lacilc

124 484 229 527 earum
258 482 365 526 sensus
395 470 544 542 appareat.
590 459 676 530 Quod
707 460 739 518 in
770 457 891 516 homine
923 457 1016 518 multo
1048 469 1095 520 est
1125 459 1301 540 evidentiae,

124 557 253 634 primum
277 572 314 613 ex
338 568 372 612 ea
396 551 518 610 caritate
542 565 617 625 quae
641 555 688 607 est
710 548 789 606 inter
813 554 899 605 natos
922 554 952 606 et
974 556 1126 626 parentes,
1155 566 1229 626 quae
1259 547 1301 608 di·

125 645 193 704 rimi
215 643 274 702 nisi
297 635 465 700 detestabili
490 634 603 696 scelere
627 653 687 695 non
709 641 821 714 potest;
846 633 954 694 deinde
979 651 1047 694 cum
1071 635 1174 696 similis
1193 655 1300 697 sensus

120 733 239 792 exstitit
262 729 382 807 amoris,
404 727 429 786 si
453 723 579 803 aliquem
603 725 683 784 nacti
706 740 820 803 sumtu,
844 723 930 784 cuius
954 739 1023 783 aum
1048 721 1179 783 moribus
1202 732 1232 784 et
1251 743 1300 785 na-

122 828 190 882 tura
214 831 429 896 congruamus,
458 813 540 893 quod
571 815 602 873 in
633 831 668 873 eo
700 812 784 890 quasi
812 811 914 872 lumen
941 809 1060 888 aliquod
1089 809 1244 888 probitatis
1271 821 1301 873 et

120 909 241 968 virtutis
274 905 444 984 perspicere
476 902 636 963 videamur.
691 899 770 962 Nihil
806 908 852 960 est
886 901 965 960 enim
999 901 1108 958 virtute
1139 897 1345 980 amabiliusta

121 995 197 1056 nihil
221 993 301 1072 quod
325 993 417 1070 magis
440 991 549 1052 alliciat
571 990 608 1051 ad
632 989 828 1068 diligendum:
856 990 966 1068 quippe
995 1005 1064 1048 cum
1092 995 1214 1066 propter
1244 989 1301 1050 vir·

123 1090 274 1144 tutemet
298 1080 476 1160 probitatem
506 1081 595 1140 etiam
625 1097 691 1159 eos,
721 1095 797 1156 quos
825 1094 977 1155 nunquam
1005 1075 1145 1155 vidimuS,
1175 1074 1302 1155 quodam

123 1171 213 1232 modo
238 1170 401 1248 diligamus.
448 1168 523 1238 Quis
547 1175 593 1228 est
616 1169 669 1245 qui
692 1165 722 1228 t.
746 1164 882 1245 Fabricii,
905 1163 950 1226 Μ’.
971 1164 1054 1226 Curii
1077 1182 1137 1224 non
1162 1182 1231 1224 cum
1254 1181 1300 1224 ca-

121 1261 208 1320 ritate
232 1257 330 1336 aliqua
353 1255 496 1317 benevola
520 1257 692 1316 memoriam
716 1257 855 1334 usurpet,
885 1271 959 1332 quos
990 1271 1144 1331 nunquam
1171 1249 1301 1338 viderit‘l

121 1346 194 1416 Quis
213 1355 314 1408 autem
333 1347 444 1423 estqui
460 1344 657 1422 Tarquinium
672 1341 851 1422 Superbum,
866 1344 919 1421 qui
933 1342 984 1422 Sp.
999 1341 1142 1423 Cassium,
1158 1341 1208 1421 Sp.
1222 1340 1300 1401 lllae·

118 1436 193 1498 lium
217 1453 277 1496 non
301 1429 420 1495 oderit?
468 1432 542 1494 Cum
565 1430 682 1493 dnobus
711 1430 838 1492 ducibus
866 1431 903 1491 de
931 1432 1057 1509 imperio
1085 1432 1116 1489 iu
1144 1429 1226 1490 ltalia
1255 1437 1300 1490 est

117 1525 318 1602 decertatum,
341 1521 456 1601 Pyrrho
476 1529 506 1582 et
525 1519 702 1601 Hannibale,
726 1519 763 1581 ab
782 1519 875 1580 altero
894 1527 1018 1598 propter
1037 1517 1215 1599 probitatem
1235 1520 1300 1578 eius

116 1631 180 1672 non
206 1613 295 1671 nimis
319 1609 430 1671 alienos
458 1612 573 1671 animos
599 1607 759 1690 hahemus,
788 1607 915 1669 alterurn
942 1616 1066 1687 propter
1094 1606 1300 1668 erardelitatem

117 1717 240 1780 semper
262 1699 335 1759 haec
360 1700 462 1760 civitas
485 1699 592 1760 oderit.

117 1887 210 1942 beania
228 1889 272 1954 (=
287 1887 430 1956 pallea),
453 1887 508 1941 wie
530 1903 586 1941 von
604 1885 682 1940 Men·
774 1885 919 1940 Maelium.
934 1884 1016 1939 Anah
1025 1883 1124 1951 dieser,
1135 1882 1182 1937 ein
1190 1883 1300 1938 reicher

117 1960 203 2013 echan
221 1956 290 2028 (Cic.
310 1959 345 2012 de
364 1957 440 2011 deor.
458 1958 518 2012 nat.
538 1963 564 2023 2,
583 1963 627 2026 24,
647 1961 680 2010 62
736 1955 878 2025 Plehejer‚
910 1955 990 2010 hatte
1022 1955 1109 2008 durch
1141 1955 1301 2023 laraitionee

116 2045 150 2083 erc
168 2029 247 2083 nobie
265 2033 346 2082 natae
371 2027 469 2081 liberos
492 2028 681 2096 appellamur).
736 2024 1024 2093 framentiVerdacht
1037 2025 1088 2080 auf
1099 2024 1159 2080 sich
1170 2025 1298 2094 gelenht3

117 2099 202 2154 Sonat
219 2095 329 2150 heiisen
355 2096 401 2149 die
419 2097 529 2166 langen
552 2099 625 2151 auch
641 2097 682 2151 im
737 2097 794 2150 und
813 2097 850 2150 da
864 2113 894 2151 er
913 2097 973 2151 sich
986 2095 1115 2150 vor'dem
1129 2112 1179 2150 aas
1194 2095 1300 2150 diesem

116 2169 270 2223 Neutrum:
284 2183 317 2222 ea
330 2183 401 2236 qaae
414 2168 513 2222 bestiae
524 2184 683 2236 procreave-
737 2166 849 2222 Grande
872 2183 897 2222 a.
917 2173 969 2221 439
995 2169 1149 2222 ernaunten
1173 2165 1301 2222 Dictator

119 2242 195 2294 runi.
736 2239 767 2293 L.
777 2235 1301 2304 QuinctiusCincinnatnsnichtstellen

158 2309 196 2364 ad
212 2309 349 2377 quoddam
367 2314 472 2378 lempna
490 2335 525 2356 =
543 2325 628 2379 usqne
646 2311 683 2366 ad
737 2309 842 2379 wollte,
862 2326 893 2363 so
912 2309 977 2364 hieh
990 2310 1040 2363 ihn
1054 2309 1153 2364 dassen
1166 2309 1301 2379 Magister

118 2397 181 2434 eum
197 2380 278 2446 bana
296 2381 363 2435 dnm
378 2381 486 2449 parant
508 2397 535 2435 ee
557 2381 613 2450 ipsi
638 2381 683 2436 ale-
738 2380 865 2448 equitum
893 2379 923 2435 Ο.
943 2378 1076 2434 Servilius
1106 2379 1199 2435 Ahala
1227 2381 1299 2434 ohne

117 2451 227 2517 saedere
246 2449 313 2518 (Cic.
332 2451 367 2505 de
387 2451 414 2507 d.
432 2454 491 2508 nat.
510 2458 536 2521 2,
551 2457 594 2520 51,
610 2453 682 2520 129).
737 2451 865 2506 weiteres
883 2450 980 2516 uieder
998 2450 1070 2517 (Liv.
1090 2455 1115 2517 4,
1136 2455 1168 2503 12
1179 2450 1226 2520 ti).

154 2522 252 2576 dirimi
279 2523 432 2577 detestabili
458 2524 569 2588 eaelere,·
601 2541 623 2577 a.
652 2523 683 2578 B.
769 2522 942 2592 probitatem.
979 2520 1101 2590 Pyrrhus
1128 2520 1299 2576 behandelte

118 2592 258 2648 awischen
275 2592 307 2646 L.
322 2591 418 2648 Iunius
432 2593 535 2650 Brutus
554 2595 610 2648 und
630 2593 683 2649 sei·
738 2593 783 2648 die
820 2591 979 2647 rbmischen
1016 2591 1198 2662 Gelangenen
1229 2590 1300 2647 mild

116 2680 172 2718 nen
200 2663 314 2718 Sbhnen
344 2664 432 2719 durch
459 2665 545 2720 deren
568 2665 679 2733 Versat3
738 2663 796 2717 und
815 2663 942 2719 schickte
961 2663 1000 2718 sie
1019 2679 1044 2720 a.
1059 2667 1120 2732 278,
1140 2663 1182 2718 als
1201 2663 1298 2718 Fabri-

7 2729 29 2744 ‘
118 2733 259 2788 awischen
276 2733 387 2788 Orestes
405 2734 464 2788 und
478 2735 569 2792 seiner
577 2736 685 2791 Mutter
738 2734 798 2790 cius
816 2734 866 2790 ihn
883 2752 934 2790 vor
952 2735 1016 2789 dem
1034 2734 1135 2804 eignen
1149 2735 1232 2789 Arate
1250 2751 1299 2804 ge·
1332 2736 1335 2742 ’

117 2804 208 2860 durch
226 2803 272 2859 die
290 2803 437 2860 Mordthat
455 2805 505 2861 dar
522 2807 665 2861 letateren.
737 2807 828 2860 warnt
851 2806 945 2873 hatte,
964 2804 1169 2874 unentgeltlich
1187 2807 1298 2862 zurich.

152 2877 254 2930 similis
272 2891 376 2943 eamne,
397 2876 489 2945 suppl.
504 2878 563 2931 aas
581 2877 683 2932 carita·
774 2877 968 2931 crudelitatem.
986 2876 1058 2932 Dem
1072 2876 1301 2932 summatione-

120 2947 165 3014 tia,
183 2963 254 3016 qaae
271 2951 310 3001 eet
327 2948 400 3003 inter
418 2952 499 3001 nome
512 2952 683 3016 etparentea.
737 2945 800 3000 hals
824 2947 886 3017 galt
907 2947 1050 3001 Hannibal
1077 2945 1120 3002 als
1144 2948 1299 3002 erudelissi-

153 3019 179 3072 ei
197 3018 315 3086 aliquem
334 3017 404 3072 hebt
422 3017 467 3072 die
481 3017 683 3074 Unbestimmt·
737 3033 798 3071 mne
810 3018 901 3074 bootia.
922 3017 984 3088 Vgl.
1001 3017 1299 3087 crubescendum

116 3088 178 3142 heit
202 3087 432 3144 ansdriickliaher
455 3089 570 3158 horror,
594 3090 636 3144 als
658 3091 684 3145 ei
737 3087 797 3143 htv.
816 3094 859 3157 21,
878 3095 903 3158 4,
924 3094 953 3154 9;
977 3094 1025 3154 22,
1045 3092 1087 3154 50,
1107 3094 1123 3142 6
1142 3108 1169 3144 n.
1188 3094 1231 3159 58,
1252 3097 1299 3157 17;

116 3175 201 3227 anem.
230 3158 294 3228 Vgl.
314 3165 361 3225 28,
382 3166 429 3226 88,
455 3166 500 3229 16,
521 3165 554 3215 59
578 3161 603 3214 ei
630 3162 683 3216 ali·
735 3159 801 3215 Hor.
817 3160 898 3228 epod.
916 3164 984 3225 16,8
998 3160 1222 3230 mirandaeque
1235 3163 1298 3218 aba·

117 3231 243 3296 quondm
262 3231 335 3284 anch
356 3237 397 3297 13,
417 3235 452 3286 48
469 3248 504 3286 ne
522 3232 640 3301 aliquas.
735 3231 858 3286 minatus
876 3230 1052 3298 Hannibal);
1070 3229 1177 3286 Seneca
1190 3232 1225 3286 de
1239 3233 1299 3290 otio

154 3315 215 3353 cam
237 3302 358 3356 mosibus
380 3317 576 3372 concinamus,
601 3301 682 3356 Gom·
736 3317 795 3370 sap.
815 3306 849 3354 32
878 3319 903 3358 a.
923 3302 955 3357 tt.
993 3301 1050 3356 Der
1077 3300 1180 3357 Consul
1207 3303 1297 3360 Varro

119 3367 228 3435 paratio
250 3372 466 3440 compendiaria.
492 3395 493 3398 ¹
736 3374 801 3442 sagi
818 3389 870 3441 gar
887 3389 943 3428 von
960 3370 1020 3427 ihm
1043 3372 1073 3426 in
1095 3372 1299 3430 abschreaken·

718 3443 785 3497 'der
813 3442 998 3514 Schilderung
1025 3444 1095 3513 (biv.
1117 3450 1167 3513 23,
1191 3448 1298 3516 b‚12)=

153 3511 231 3574 928.
251 3507 379 3565 Fabricii
407 3511 493 3568 (larii.
514 3515 541 3570 S.
557 3520 620 3580 aui
638 3518 681 3570 18.
736 3515 859 3570 Militem
876 3521 981 3570 natura
994 3517 1154 3571 etmaribne
1171 3518 1299 3572 immitem

158 3579 352 3664 ¹Tarquiniana.
366 3551 442 3636 liber
455 3584 489 3646 L.
503 3585 682 3655 amantiae,
735 3585 875 3656 farumque
892 3588 1006 3656 increper
1024 3589 1083 3642 dna
1101 3590 1159 3657 ipae
1176 3589 1300 3656 efferavit

116 3667 163 3707 aas
188 3650 313 3720 Superbo
335 3666 480 3721 coenoman
503 3656 580 3721 sorta
606 3658 681 3713 indi-
733 3657 865 3725 pontibus
883 3675 916 3714 aa
934 3659 1050 3713 molibus
1068 3675 1101 3713 ea
1114 3660 1298 3713 bumanorum

117 3724 226 3792 deant,
247 3740 268 3777 s.
288 3721 348 3776 Lis.
370 3729 392 3792 1,
413 3723 481 3779 roff.
736 3743 880 3796 conponam
905 3733 980 3784 atrae
1007 3730 1144 3797 faciendis
1166 3733 1203 3795 et,
1226 3730 1299 3797 qnod

156 3793 289 3850 Garama.
317 3793 374 3847 Der
392 3793 529 3849 Patricier
547 3796 596 3866 Sp.
617 3796 682 3852 Goe—
731 3800 862 3868 proloqui
879 3801 961 3854 etiam
974 3802 1065 3870 piari,
1083 3801 1154 3854 amai
1175 3800 1296 3866 amput-

118 3865 178 3920 eiaa
192 3863 333 3921 Vecilinna
346 3863 580 3922 oderVecellinno
593 3866 683 3936 (nicht
736 3870 787 3924 bne
811 3871 940 3933 mutonis
967 3871 1093 3926 docendo.
1120 3897 1152 3910 —-
1178 3869 1237 3923 Ans
1252 3869 1298 3924 die

126 3934 306 4003 Viscellinae,·
324 3954 346 3992 s.
365 3936 391 3994 d.
411 3936 478 3992 hrit.
493 3937 567 3993 Note
585 3956 619 3992 au
640 3945 680 4008 11,
735 3941 987 4011 Ungerechtigheit
1000 3940 1205 3996 mesesUrteils
1218 3940 1296 3996 kann

119 4008 166 4071 86)
185 4007 284 4076 schlng
306 4009 336 4062 in
354 4009 460 4064 seinem
484 4007 591 4065 dritten
609 4011 684 4065 Kon·
738 4027 804 4066 man
831 4012 920 4066 selbst
947 4029 996 4066 aus
1019 4011 1073 4066 den
1100 4010 1219 4080 eigenen
1246 4013 1297 4067 Be·

121 4076 213 4130 sulate
231 4094 256 4132 a.
275 4083 327 4134 486
348 4079 394 4135 die
413 4081 486 4136 erata
507 4080 551 4135 lea
569 4082 685 4151 amaria
737 4082 847 4136 richten
861 4083 911 4136 der
925 4082 1029 4137 Rbmer
1047 4081 1208 4152 schlielsen;
1228 4103 1250 4139 a.
1265 4083 1296 4140 B.

121 4161 184 4213 νοις
198 4148 244 4204 aad
253 4152 557 4220 praetereuntem
569 4153 684 4208 insitam
738 4169 789 4207 aus
807 4152 867 4208 Lis.
887 4158 930 4220 22,
950 4159 979 4218 ‘13
1004 4158 1048 4221 25,
1068 4160 1113 4220 17;
1138 4160 1181 4221 il,
1200 4160 1242 4210 28.
1262 4185 1296 4195 -

117 4218 197 4301 nepai
228 4219 294 4289 (vgl.
320 4225 366 4288 11,
390 4227 449 4292 86),
481 4223 531 4278 nbi
559 4225 684 4292 primum
737 4212 813 4277 liber
839 4223 966 4292 Pyrrhus
987 4224 1045 4278 und
1070 4225 1217 4281 Hannibal
1239 4225 1296 4294 vgl.

120 4293 287 4359 mapaatratn
301 4291 379 4362 abiit,
393 4294 542 4350 damnatae
559 4301 683 4352 necatae·
737 4294 810 4348 auch
834 4293 890 4350 Cia.
909 4293 943 4349 de
969 4295 1014 4352 off.
1034 4301 1081 4365 12,
1105 4301 1150 4364 88;
1174 4295 1234 4351 Liv.
1254 4301 1297 4364 22,

7 4419 8 4422 ,
122 4377 173 4431 ane
191 4365 230 4418 eol
247 4359 320 4430 (Lis.
340 4367 365 4431 2,
384 4366 437 4432 41).
738 4369 842 4432 5814.
