2946 4758
155 179 200 246 40
454 157 460 172 '
669 175 833 246 nannius,

164 347 269 426 inopes
292 347 463 406 amicorum.
509 343 594 415 Quod
618 343 813 423 Tarquinium
837 342 945 404 dixisse
969 344 1082 424 lerunt,
1110 353 1173 404 tum
1196 343 1348 406 exsulan-

163 442 223 494 tem
247 453 279 494 se
302 433 492 514 intellexisse,
515 452 590 513 quos
609 432 683 493 fidos
706 433 815 492 amicos
837 430 999 513 habuisset,
1022 449 1097 510 quos
1119 424 1240 512 infidos',
1264 452 1347 518 cum

119 525 221 583 stiam
244 521 360 584 neutris
383 525 505 602 gratiam
528 522 643 582 relerre
665 527 775 599 posset.
822 520 996 600 Quanquam
1023 523 1128 602 miror,
1155 520 1203 582 illa
1227 540 1344 602 super·

160 610 209 672 bia
232 619 263 672 et
291 613 515 691 importunitate
542 613 567 672 si
591 627 770 690 quemquam
792 611 919 694 amicum
946 608 1056 670 habore
1083 612 1188 689 potuit.
1234 609 1341 691 Atque

161 710 197 761 ut
218 699 320 780 huius,
348 718 437 780 quem
461 700 534 779 dixi,
563 717 663 760 mores
691 715 778 759 veros
805 700 915 759 amicos
938 716 1043 777 parare
1071 717 1131 759 uon
1157 705 1345 783 potuerunt,

162 791 204 850 sic
227 788 389 850 multorum
412 807 485 869 opes
508 784 746 868 praepotentium
770 786 932 848 excludunt
955 789 1098 848 amicitias
1121 787 1231 850 fideles.
1265 789 1338 851 Non

161 880 239 938 enirn
263 878 359 939 solum
381 879 446 957 ipsa
463 877 596 938 Fortuna
615 894 701 937 caeca
720 883 775 957 est,
794 875 847 936 sed
866 893 917 937 eos
937 876 1024 937 etiam
1043 875 1219 956 plerumque
1239 879 1339 941 allicit

160 985 273 1046 caecos,
297 985 372 1046 quos
394 965 548 1045 complexa
570 973 624 1027 est.
670 965 774 1044 lta'que
797 965 964 1026 elleruntur
987 966 1050 1025 lere
1074 965 1191 1026 fastidio
1210 974 1242 1036 ct
1261 987 1336 1030 con-

159 1057 304 1136 tumacia,
340 1073 397 1116 nec
433 1056 592 1133 quicquam
628 1055 788 1134 insipiente
825 1054 976 1115 fortunato
1012 1053 1228 1116 intolerabilius
1266 1058 1336 1119 lieri

136 1151 281 1228 potest„
310 1144 406 1222 Atque
429 1142 495 1203 hoc.
510 1143 630 1222 quidem
653 1143 753 1203 ridere
776 1142 861 1222 licet,
884 1161 949 1224 eos,
978 1145 1030 1221 qui
1058 1149 1144 1204 antea
1167 1146 1332 1212 commodis
1448 1157 1449 1164 ’

157 1233 270 1294 luerint
288 1230 430 1312 moribus,
449 1234 574 1311 imperio
592 1239 739 1314 potestate
758 1233 911 1311 prosperis
935 1231 1026 1293 rebus
1043 1233 1195 1293 immutari
1214 1231 1328 1314 [sperni

118 1320 196 1381 stab
227 1322 265 1381 iis
295 1329 412 1382 veteres
444 1323 603 1401 amicitiae,
635 1319 784 1399 indulgeri
815 1317 923 1398 novis].
969 1320 1049 1391 Quid
1077 1330 1176 1382 autem
1210 1323 1322 1384 stultius

155 1427 259 1491 quam,
291 1427 359 1471 cum
389 1409 553 1489 plurimum
584 1411 677 1489 copiis
708 1407 896 1469 facultatibus
929 1409 1036 1488 opibus
1067 1411 1199 1490 possint,
1230 1418 1320 1472 celcra

153 1516 275 1578 parare,
303 1517 379 1578 quae
408 1506 551 1579 parantur
578 1500 717 1578 pecunia,
748 1515 841 1576 equos
870 1497 1009 1578 lamulos,
1038 1506 1150 1559 restem
1181 1501 1319 1579 egregiam

156 1605 224 1648 vasa
249 1591 393 1668 pretiosa,
416 1590 526 1648 amicos
541 1577 609 1648 Goon
632 1581 752 1667 parare,
775 1587 915 1666 optimam
938 1594 969 1646 et
991 1586 1222 1666 pulcherrimam
1245 1591 1327 1668 vitae,

157 1685 192 1736 ut
214 1679 256 1737 ita
279 1676 383 1758 dicam,
407 1673 662 1761 supellectilemls
679 1675 798 1736 Etenim
816 1683 915 1736 cetera
935 1685 1137 1755 comparant,
1157 1679 1206 1738 cui
1225 1688 1330 1757 parent

142 1743 296 1826 ‘nesciunt
318 1782 374 1825 nec
398 1767 483 1825 cuius
507 1782 596 1825 eausa
618 1685 767 1844 lafforcnt3
790 1766 855 1825 eius
877 1765 957 1824 enim
981 1773 1027 1824 ost
1048 1766 1175 1825 istorum
1198 1766 1330 1847 quidque

114 1849 117 1858 ’
156 1855 208 1932 qui
231 1855 302 1915 vicit
323 1851 455 1934 viribus,
478 1855 674 1914 amicitiarum
694 1871 747 1914 sua
766 1855 874 1932 cuique
893 1861 1048 1930 permanet
1067 1852 1181 1914 stabilis
1200 1863 1230 1916 et
1249 1865 1334 1917 certa
1431 1907 1437 1914 .

194 2077 273 2149 Quod
301 2078 333 2134 Τ.
361 2078 464 2133 dixisse
488 2078 588 2145 fauni.
636 2077 715 2148 Quod
803 2093 870 2146 quos
897 2077 1037 2146 completae
1064 2083 1102 2132 est
1129 2103 1163 2124 =
1191 2077 1237 2134 die
1263 2081 1329 2134 dem

154 2150 224 2220 geht
242 2149 292 2203 aui
307 2149 362 2204 den
384 2149 501 2218 vorigen
525 2149 589 2204 Satn
611 2149 728 2209 nurirclr¹
768 2147 875 2202 Glriclre
893 2149 934 2202 im
953 2147 1066 2202 Scholse
1087 2149 1184 2207 sitien.

154 2224 200 2288 (ει
219 2215 328 2290 inopem
349 2237 376 2274 se
399 2236 453 2274 erce
475 2221 649 2288 amicorum),
672 2238 714 2276 er·
802 2235 887 2288 oeque
912 2221 1057 2288 quicquam
1084 2251 1117 2260 —
1146 2221 1207 2288 fieri
1229 2229 1328 2292 potest.

154 2291 216 2346 halt
238 2291 305 2345 ebor
327 2290 402 2345 daun
425 2291 500 2345 noch
523 2289 584 2345 eine
607 2290 713 2360 Epexe2
768 2290 832 2359 Vgl.
852 2289 907 2344 cie.
927 2289 1009 2359 episi.
1030 2289 1120 2362 [fam]
1141 2300 1171 2360 3,
1191 2298 1219 2361 l,
1239 2299 1329 2348 lateo

155 2379 221 2433 gese
239 2362 269 2416 in
288 2362 342 2417 den
359 2361 490 2417 Worten:
509 2367 567 2416 tum
585 2363 714 2416 moulon·
763 2365 853 2429 potest
869 2361 931 2428 fiere
948 2378 989 2415 me
1006 2363 1152 2431 quicquum
1168 2365 1328 2433 superbius-‚-

153 2440 205 2489 tem
222 2450 250 2489 se
267 2435 317 2489 iat.
336 2451 363 2488 a.
383 2452 403 2489 s.
422 2452 456 2488 w.
476 2463 509 2473 -
529 2434 561 2487 ln
579 2433 715 2488 leiateron
768 2431 804 2486 sd
823 2431 854 2497 Q.
872 2431 906 2487 fr.
928 2439 952 2499 1,
972 2439 995 2498 1,
1015 2438 1057 2500 13,
1077 2437 1110 2487 38
1129 2435 1202 2489 nitu
1219 2435 1323 2502 teriori

153 2505 272 2560 Wortsn
300 2506 351 2560 hat
378 2503 454 2558 donn
479 2509 538 2558 tum
562 2503 714 2558 wiederum
765 2517 845 2572 posse
861 2504 1018 2558 iueuuediua.
1271 2513 1273 2516 ·

154 2575 204 2629 das
222 2575 299 2631 Part.
314 2576 482 2630 emuloutem
496 2575 539 2628 sle
552 2575 714 2645 Epexegeso
804 2575 949 2642 insipiente
966 2574 1031 2628 trica
1048 2575 1090 2630 als
1109 2577 1173 2646 adj.
1189 2595 1222 2631 au
1238 2578 1322 2644 fotiu-

153 2647 246 2700 neben
264 2647 333 2701 sich.
369 2645 433 2714 Vgl.
454 2645 509 2699 Cic.
530 2644 610 2699 Taso.
631 2651 655 2712 1,
670 2651 713 2712 29,
768 2649 848 2711 uoto,
872 2645 938 2698 weil
962 2645 1051 2700 dieses
1074 2647 1164 2717 vollig
1188 2649 1230 2704 als
1258 2647 1324 2703 Sub·

153 2723 186 2770 'll
215 2716 257 2769 aa
278 2721 358 2782 tum,
384 2731 472 2784 poetae
494 2717 526 2769 io
549 2732 636 2770 mauu
657 2718 715 2770 iam
768 2715 873 2770 stantiv
891 2715 1051 2772 beirachtei
1074 2717 1152 2772 wind.
1185 2719 1249 2788 Vgl.
1269 2718 1322 2774 Oic.

151 2787 322 2854 mortiferum
346 2787 418 2840 iilud
441 2791 555 2841 teneus
573 2789 714 2856 poculum,
768 2786 803 2840 de
821 2787 867 2842 fin.
889 2792 913 2854 2,
934 2793 976 2854 ll,
996 2792 1030 2841 54
1047 2805 1105 2842 noo
1121 2790 1210 2858 icitur
1227 2793 1260 2845 de
1277 2793 1324 2845 im-

151 2861 259 2914 loeutus
276 2859 319 2911 itu
336 2863 375 2912 est
391 2856 550 2925 (Socrates).
763 2858 861 2926 probo,
879 2859 925 2912 sed
942 2860 975 2914 de
993 2860 1093 2915 callido
1106 2861 1228 2929 improbo
1246 2879 1325 2931 puce-

166 2934 204 2994 ·§
223 2934 266 2982 64.
298 2929 384 2983 miror
406 2949 447 2968 —‘
462 2930 501 2994 ei,
526 2927 606 2983 nicht
627 2931 711 2998 quod,
766 2929 862 2983 umus.

153 3001 228 3056 deun
246 2999 358 3054 Laelius
375 2999 436 3053 will
455 2999 500 3053 die
515 2998 606 3055 Socha
624 3001 713 3055 selbst
801 3001 923 3068 imperio,
947 3005 1087 3069 potestate.
1126 3003 1251 3058 Potestas
1277 3005 1325 3060 be-

154 3071 196 3126 sls
215 3069 433 3140 problematisch
449 3069 713 3126 mustellam-illu
766 3070 892 3125 neichnet
916 3071 983 3141 jede
1016 3073 1098 3126 civile
1126 3075 1325 3144 Amtagewalt3

151 3143 333 3212 superlucet
359 3143 566 3211 importunitate
596 3141 634 3197 ist
660 3142 714 3196 mit
766 3143 911 3210 imperium
928 3143 1031 3211 (Reohi
1049 3138 1325 3202 aam'Heeresbelohl

152 3211 323 3268 Nechdruck
346 3213 562 3282 vorangestellt,
588 3213 641 3268 wie
669 3218 712 3281 11,
766 3213 849 3267 anter
862 3213 1149 3284 eigenenAuspinien)
1162 3216 1261 3270 hatten
1275 3218 1324 3271 da·

154 3289 188 3338 80
206 3284 271 3338 haec
288 3285 330 3337 cie
348 3285 494 3340 amicitiae.
766 3299 856 3352 gagen
870 3301 923 3338 nur
937 3283 982 3338 die
992 3285 1324 3356 hoohscenmoqisoratee,

188 3355 272 3408 leuius
298 3369 390 3408 morea.
432 3353 496 3424 Vgl.
526 3353 623 3408 sainen
649 3353 713 3409 Bei-
766 3353 810 3408 bis
829 3372 891 3408 zum
908 3353 1026 3410 Praetor
1043 3358 1180 3413 herunter.

152 3442 254 3480 nomen
272 3430 297 3493 8,
317 3430 359 3480 28.

184 3498 413 3566 praepotentium.
431 3495 713 3565 AllgameinerorBe-
803 3500 818 3560 ξ
837 3500 879 3550 55.
898 3495 963 3566 Vgl.
984 3504 1088 3568 17,62;
1107 3501 1176 3555 Xen.
1195 3499 1230 3554 de
1249 3499 1317 3555 Socr.

154 3566 221 3638 griff
236 3567 278 3621 tals
295 3573 487 3638 tyrannorum.
768 3581 867 3620 comm.
888 3572 913 3636 2,
932 3574 957 3636 4,
977 3574 993 3622 2
1016 3571 1066 3624 sul
1088 3567 1142 3640 peip
1167 3569 1258 3633 οἰκίας
1274 3569 1316 3624 aul

193 3639 278 3707 efficii
309 3654 407 3694 caecos.
453 3637 573 3705 Efficere
602 3639 714 3706 (fucere)
767 3631 873 3705 ἀγροὺς
891 3637 941 3692 καὶ
958 3634 1129 3708 ἀνδράποδα
1152 3641 1202 3696 καὶ
1223 3635 1313 3712 piccari-

153 3712 223 3780 geht
236 3709 286 3765 auf
297 3708 391 3766 niehts
404 3709 511 3776 inciter,
526 3709 568 3762 als
583 3709 633 3764 auf
644 3709 713 3765 Her·
767 3728 842 3778 ματα
860 3710 909 3763 uel
928 3706 1014 3779 σκεύη
1032 3710 1194 3781 κτωμένους
1215 3729 1244 3765 τε
1261 3706 1327 3764 ἔνο·

153 3782 277 3852 stellung
293 3781 355 3842 ,des
382 3779 575 3836 beireffenden
601 3780 713 3835 Znstan·
769 3781 858 3849 puleio
872 3776 943 3850 ὁρᾶν
959 3780 1014 3850 ἔφη
1028 3780 1127 3837 καὶτὰ
1141 3781 1211 3840 ὄντα
1224 3777 1315 3848 σώζειν

152 3853 204 3906 des
227 3868 263 3906 au
285 3852 344 3906 und
367 3851 412 3906 fiir
435 3851 502 3908 sich.
541 3850 615 3922 (ugr.
635 3859 660 3920 6,
680 3857 713 3906 22
768 3851 972 3940 πειρωμένους,
993 3855 1075 3920 φίλον
1094 3853 1140 3922 δέ,
1160 3851 1176 3908 ὃ
1196 3855 1319 3939 μέγιστον

153 3925 351 3993 splendidiores
372 3924 463 3991 facit.)
498 3923 568 3993 Sego
591 3921 646 3979 cic.
666 3922 714 3978 da-
768 3917 884 3991 ἆγαθον
898 3920 974 3977 εἶναί
987 3941 1088 4009 puceu,
1102 3920 1174 3992 ὁρᾶν
1190 3925 1247 3995 ἔφη
1261 3945 1322 3988 coco

154 4010 245 4064 gegen
273 3998 334 4064 (pro
357 3994 438 4051 Rosc.
461 3995 554 4048 Amer.
578 3999 627 4062 35,
652 3995 714 4063 101)
767 3991 886 4056 πολλοὺς
905 3989 970 4048 οὔτε
985 4013 1061 4056 οπως
1074 3991 1226 4063 κτήσονται
1240 4017 1321 4066 poca·

153 4066 211 4120 uisi
228 4067 302 4134 ipsos
319 4082 410 4120 caecos
431 4067 585 4121 redderet
606 4067 714 4134 cupidi·
767 4060 976 4131 τίζοντας,οῧτε
991 4059 1199 4131 &concisiores
1215 4064 1322 4130 lauccio

154 4143 206 4201 tea,
220 4153 251 4190 so
267 4134 345 4192 weist
359 4136 409 4192 des
424 4137 644 4192 redderedarauf
655 4136 713 4206 hin,
767 4133 917 4200 σώζωνται.

154 4206 216 4262 dole
234 4207 377 4262 dieeslben
393 4207 543 4263 Menschen
564 4208 661 4262 lrr‘iher
683 4209 713 4262 in
802 4205 992 4260 cieitairibus.
1022 4205 1053 4259 ln
1067 4205 1171 4262 belreff
1181 4208 1231 4263 der
1244 4209 1320 4263 Allia

154 4279 246 4334 ainern
273 4278 394 4333 anderen
422 4279 561 4333 Zuslande
586 4294 714 4348 genesen
766 4275 889 4330 leontion
911 4275 968 4344 rgl
994 4273 1048 4330 Cio.
1073 4294 1124 4346 pro
1147 4279 1206 4336 Mil.
1226 4285 1270 4348 11,
1289 4285 1320 4332 ³0

154 4350 225 4413 und,
523 4349 526 4354 '
766 4347 795 4400 ci
812 4347 884 4401 aicta
902 4347 944 4400 oio
961 4352 1006 4401 eat.
